{"gold_per_floor":[211,11,11,22,36,36,36,0,0,19,19,49,63,76,76,154,154,167,167,177,194,194],"floor_reached":22,"playtime":998,"items_purged":[],"score":376,"play_id":"d4e35fc0-379a-4c77-a3a3-cc79ee029289","local_time":"20230828173731","is_ascension_mode":true,"campfire_choices":[{"data":"Zap","floor":6,"key":"SMITH"},{"floor":11,"key":"REST"},{"data":"Hologram","floor":15,"key":"SMITH"}],"neow_cost":"NONE","seed_source_timestamp":320638422923584,"circlet_count":0,"master_deck":["AscendersBane","Strike_B","Strike_B","Defend_B","Defend_B","Zap+1","Dualcast","FTL","Capacitor","Rebound","Ball Lightning","Hologram+1","Biased Cognition","Core Surge+1","Lockon+1","Darkness+1","Conserve Battery","Biased Cognition","Sweeping Beam+1","Compile Driver"],"special_seed":0,"relics":["Cracked Core","Orichalcum","Akabeko","Mango","Astrolabe"],"potions_floor_usage":[16,22],"damage_taken":[{"damage":1.0,"enemies":"Cultist","floor":1.0,"turns":3.0},{"damage":2,"enemies":"Jaw Worm","floor":4,"turns":3},{"damage":0,"enemies":"2 Louse","floor":5,"turns":2},{"damage":5,"enemies":"Exordium Thugs","floor":10,"turns":2},{"damage":5,"enemies":"Gremlin Nob","floor":12,"turns":3},{"damage":8,"enemies":"Red Slaver","floor":13,"turns":2},{"damage":0,"enemies":"3 Louse","floor":14,"turns":2},{"damage":28,"enemies":"Hexaghost","floor":16,"turns":7},{"damage":15,"enemies":"3 Byrds","floor":18,"turns":4},{"damage":17,"enemies":"Spheric Guardian","floor":20,"turns":4},{"damage":30,"enemies":"Cultist and Chosen","floor":21,"turns":5},{"damage":10,"enemies":"Snake Plant","floor":22,"turns":1}],"seed_played":"6263705613065438224","potions_obtained":[{"floor":10,"key":"CultistPotion"},{"floor":14,"key":"FearPotion"},{"floor":21,"key":"Strength Potion"}],"is_trial":false,"path_per_floor":["M","$","?","M","M","R","?","?","T","M","R","E","M","M","R","B",null,"M","?","M","M","M"],"character_chosen":"DEFECT","basemod:card_modifiers":[null,null,null,null,null,null,null,null,null,null,null,null,null,null,null,null,null,null,null,null],"items_purchased":["Orichalcum","Capacitor"],"campfire_rested":1,"item_purchase_floors":[2,2],"current_hp_per_floor":[63,63,37,35,35,35,35,35,35,30,51,60,52,52,52,24,70,55,55,38,8,0],"gold":194,"neow_bonus":"HUNDRED_GOLD","is_prod":false,"is_daily":false,"chose_seed":false,"campfire_upgraded":2,"win_rate":0,"timestamp":1693258651,"path_taken":["M","$","?","M","M","R","?","?","T","M","R","E","M","M","R","BOSS","M","?","M","M","?"],"build_version":"2022-12-01","purchased_purges":0,"victory":false,"max_hp_per_floor":[71,71,71,71,71,71,71,71,71,71,71,85,85,85,85,85,85,85,85,85,85,85],"card_choices":[{"not_picked":["Stack","Coolheaded"],"picked":"FTL","floor":1.0},{"not_picked":["Beam Cell","Coolheaded"],"picked":"Rebound","floor":4},{"not_picked":["Streamline","Barrage"],"picked":"Ball Lightning","floor":5},{"not_picked":["Leap","Streamline","Turbo"],"picked":"SKIP","floor":10},{"not_picked":["Leap","Streamline","Turbo"],"picked":"SKIP","floor":10},{"not_picked":["Capacitor","Reprogram","Steam Power"],"picked":"SKIP","floor":12},{"not_picked":["Stack","Turbo","Redo"],"picked":"SKIP","floor":13},{"not_picked":["Lockon","Multi-Cast"],"picked":"Hologram","floor":14},{"not_picked":["Hyperbeam","Seek"],"picked":"Biased Cognition","floor":16},{"not_picked":["Cold Snap","Sweeping Beam"],"picked":"Conserve Battery","floor":18},{"not_picked":["Fission","Storm"],"picked":"Sweeping Beam+1","floor":20},{"not_picked":["Ball Lightning","Hologram"],"picked":"Compile Driver","floor":21}],"player_experience":105853,"relics_obtained":[{"floor":12,"key":"Mango"}],"event_choices":[{"damage_healed":0.0,"max_hp_gain":0.0,"max_hp_loss":0.0,"gold_gain":0.0,"event_name":"Scrap Ooze","player_choice":"Success","floor":3.0,"gold_loss":0.0,"damage_taken":26.0,"relics_obtained":["Akabeko"]},{"cards_removed":["Defend_B"],"damage_healed":0,"gold_gain":0,"player_choice":"Forget","damage_taken":0,"max_hp_gain":0,"max_hp_loss":0,"event_name":"Living Wall","floor":7,"gold_loss":0},{"damage_healed":0,"gold_gain":0,"player_choice":"Left Gold","damage_taken":0,"max_hp_gain":0,"max_hp_loss":0,"event_name":"World of Goop","floor":8,"gold_loss":36},{"damage_healed":0,"gold_gain":0,"player_choice":"Copied","damage_taken":0,"max_hp_gain":0,"max_hp_loss":0,"event_name":"Duplicator","floor":19,"gold_loss":0,"cards_obtained":["Biased Cognition"]}],"is_beta":false,"boss_relics":[{"not_picked":["Snecko Eye","Empty Cage"],"picked":"Astrolabe"}],"items_purged_floors":[],"is_endless":false,"potions_floor_spawned":[10,14,21],"killed_by":"Snake Plant","ascension_level":20}