{"gold_per_floor":[16,34,53,18,28,28,38,38,38,71,71,82,108,124,124,199,199,209,185,202,252,269,269,295,295,320,320,355,365,365,392,392,466,466,486,511,526,288,299,333,333,362,436,447,458,458,458,490,490,490,490],"floor_reached":51,"playtime":4775,"items_purged":["Streamline"],"score":1718,"play_id":"e57ddbd2-7c04-4bed-9bfe-b51501adbf8c","local_time":"20230830012008","is_ascension_mode":true,"campfire_choices":[{"data":"Sweeping Beam","floor":6,"key":"SMITH"},{"data":"Zap","floor":11,"key":"SMITH"},{"data":"Defragment","floor":15,"key":"SMITH"},{"floor":23,"key":"REST"},{"data":"Heatsinks","floor":25,"key":"SMITH"},{"data":"Aggregate","floor":27,"key":"SMITH"},{"data":"Go for the Eyes","floor":32,"key":"SMITH"},{"data":"Amplify","floor":41,"key":"SMITH"},{"floor":47,"key":"RECALL"},{"data":"Coolheaded","floor":49,"key":"SMITH"}],"neow_cost":"NO_GOLD","seed_source_timestamp":385796445845125,"circlet_count":0,"master_deck":["AscendersBane","Zap+1","Dualcast","Sweeping Beam+1","Rebound","Go for the Eyes+1","Compile Driver+1","Leap","Electrodynamics","Core Surge","Ball Lightning","Defragment+1","Coolheaded+1","Amplify+1","Conserve Battery","Heatsinks+1","Tempest","Chaos","Leap","Aggregate+1","Skim","Self Repair","Chill+1","FTL+1","Biased Cognition","Glacier","Biased Cognition","Defragment","Leg Sweep+1"],"relics":["Cracked Core","Cables","StoneCalendar","Pear","Pandora\u0027s Box","Blood Vial","Strawberry","CaptainsWheel","Coffee Dripper","Girya","PrismaticShard","Toxic Egg 2","Bag of Preparation","Ornamental Fan","Whetstone"],"potions_floor_usage":[10,16,28,29,33,33,40,43,44,48,51],"damage_taken":[{"damage":9,"enemies":"2 Louse","floor":1,"turns":3},{"damage":3,"enemies":"Small Slimes","floor":2,"turns":3},{"damage":1,"enemies":"Cultist","floor":3,"turns":3},{"damage":15,"enemies":"3 Louse","floor":5,"turns":3},{"damage":11,"enemies":"Looter","floor":7,"turns":2},{"damage":11,"enemies":"Gremlin Nob","floor":10,"turns":3},{"damage":0,"enemies":"Large Slime","floor":12,"turns":3},{"damage":1,"enemies":"3 Sentries","floor":13,"turns":2},{"damage":13,"enemies":"Red Slaver","floor":14,"turns":3},{"damage":0,"enemies":"Slime Boss","floor":16,"turns":4},{"damage":11,"enemies":"Spheric Guardian","floor":18,"turns":3},{"damage":32,"enemies":"2 Thieves","floor":19,"turns":4},{"damage":3,"enemies":"Centurion and Healer","floor":20,"turns":4},{"damage":22,"enemies":"Snecko","floor":22,"turns":5},{"damage":0,"enemies":"Gremlin Leader","floor":24,"turns":5},{"damage":4,"enemies":"Slavers","floor":28,"turns":3},{"damage":0,"enemies":"3 Cultists","floor":29,"turns":5},{"damage":15,"enemies":"Gremlin Leader","floor":31,"turns":5},{"damage":25,"enemies":"Collector","floor":33,"turns":7},{"damage":0,"enemies":"3 Shapes","floor":35,"turns":4},{"damage":0,"enemies":"Mind Bloom Boss Battle","floor":36,"turns":3},{"damage":27,"enemies":"3 Darklings","floor":37,"turns":4},{"damage":1,"enemies":"Transient","floor":39,"turns":6},{"damage":19,"enemies":"Nemesis","floor":40,"turns":5},{"damage":53,"enemies":"Reptomancer","floor":42,"turns":8},{"damage":0,"enemies":"Sphere and 2 Shapes","floor":44,"turns":3},{"damage":6,"enemies":"Maw","floor":45,"turns":5},{"damage":42,"enemies":"Nemesis","floor":48,"turns":7},{"damage":13,"enemies":"Time Eater","floor":50,"turns":10},{"damage":34,"enemies":"Awakened One","floor":51,"turns":8}],"seed_played":"-8155379647952262205","potions_obtained":[{"floor":2,"key":"DuplicationPotion"},{"floor":3,"key":"AttackPotion"},{"floor":13,"key":"FocusPotion"},{"floor":22,"key":"SmokeBomb"},{"floor":24,"key":"Explosive Potion"},{"floor":28,"key":"SneckoOil"},{"floor":29,"key":"Ancient Potion"},{"floor":31,"key":"PowerPotion"},{"floor":35,"key":"DistilledChaos"},{"floor":42,"key":"EntropicBrew"},{"floor":45,"key":"GamblersBrew"}],"is_trial":false,"path_per_floor":["M","M","M","?","M","R","M","?","T","E","R","M","E","M","R","B",null,"M","M","M","?","M","R","E","R","T","R","E","M","?","E","R","B",null,"M","?","M","$","M","E","R","E","T","M","M","?","R","E","R","B","B"],"character_chosen":"DEFECT","basemod:card_modifiers":[null,null,null,null,null,null,null,null,null,null,null,null,null,null,null,null,null,null,null,null,null,null,null,null,null,null,null,null,null],"items_purchased":["PrismaticShard"],"campfire_rested":1,"item_purchase_floors":[38],"current_hp_per_floor":[69,66,65,85,70,70,59,59,59,48,48,48,57,44,44,44,82,71,46,50,50,35,63,70,70,70,70,82,84,53,54,54,38,90,92,101,90,90,98,88,88,51,51,53,56,56,56,30,30,26,0],"gold":490,"neow_bonus":"TWENTY_PERCENT_HP_BONUS","is_prod":false,"is_daily":false,"chose_seed":false,"campfire_upgraded":8,"win_rate":0,"timestamp":1693372808,"path_taken":["M","M","M","?","M","R","M","?","T","E","R","M","E","M","R","BOSS","M","?","M","?","M","R","E","R","T","R","E","M","?","E","R","BOSS","M","?","M","$","M","E","R","E","T","M","M","?","R","E","R","BOSS","BOSS"],"build_version":"2022-12-01","purchased_purges":1,"victory":false,"max_hp_per_floor":[85,85,85,85,85,85,85,85,85,85,85,85,95,95,95,95,95,95,95,95,95,95,95,95,95,95,95,102,102,107,107,107,107,107,107,107,107,107,107,107,107,107,107,107,107,107,107,107,107,107,107],"card_choices":[{"not_picked":["Hologram","Beam Cell"],"picked":"Sweeping Beam","floor":1},{"not_picked":["Chaos","Beam Cell"],"picked":"Rebound","floor":2},{"not_picked":["Blizzard","Fusion"],"picked":"Go for the Eyes","floor":3},{"not_picked":["Redo","Sweeping Beam"],"picked":"Compile Driver","floor":5},{"not_picked":["Storm","Recycle"],"picked":"Leap","floor":7},{"not_picked":["Auto Shields","Turbo"],"picked":"Core Surge","floor":10},{"not_picked":["Storm","Steam"],"picked":"Ball Lightning","floor":12},{"not_picked":["Chill","Steam"],"picked":"Defragment","floor":13},{"not_picked":["Conserve Battery","Ball Lightning"],"picked":"Coolheaded","floor":14},{"not_picked":["Creative AI","Electrodynamics"],"picked":"Amplify","floor":16},{"not_picked":["Beam Cell","Cold Snap"],"picked":"Self Repair","floor":18},{"not_picked":["Barrage","Hologram"],"picked":"Chill+1","floor":19},{"not_picked":["Hyperbeam","Doom and Gloom"],"picked":"FTL","floor":20},{"not_picked":["Auto Shields","Sweeping Beam","Turbo"],"picked":"SKIP","floor":22},{"not_picked":["Gash","Skim","Compile Driver"],"picked":"SKIP","floor":24},{"not_picked":["Scrape","Go for the Eyes"],"picked":"Biased Cognition","floor":28},{"not_picked":["Rebound","Barrage"],"picked":"Glacier","floor":29},{"not_picked":["Leap","Sweeping Beam","Compile Driver"],"picked":"SKIP","floor":31},{"not_picked":["Thunder Strike","Machine Learning"],"picked":"Biased Cognition","floor":33},{"not_picked":["Glacier","Barrage"],"picked":"Defragment","floor":35},{"not_picked":["Steam","Ball Lightning","Reprogram"],"picked":"SKIP","floor":37},{"not_picked":["Thunderclap+1","Outmaneuver","Go for the Eyes+1"],"picked":"SKIP","floor":39},{"not_picked":["Protect+1","Establishment","Leap+1"],"picked":"SKIP","floor":40},{"not_picked":["Setup+1","Shockwave+1","Clothesline"],"picked":"SKIP","floor":42},{"not_picked":["Quick Slash","Wild Strike","Iron Wave"],"picked":"SKIP","floor":44},{"not_picked":["Die Die Die","Choke+1"],"picked":"Leg Sweep+1","floor":45},{"not_picked":["Eviscerate+1","Deadly Poison+1","Aggregate+1"],"picked":"SKIP","floor":48}],"player_experience":114706,"relics_obtained":[{"floor":9,"key":"Cables"},{"floor":10,"key":"StoneCalendar"},{"floor":13,"key":"Pear"},{"floor":24,"key":"Blood Vial"},{"floor":28,"key":"Strawberry"},{"floor":31,"key":"CaptainsWheel"},{"floor":36,"key":"Girya"},{"floor":40,"key":"Toxic Egg 2"},{"floor":42,"key":"Bag of Preparation"},{"floor":43,"key":"Ornamental Fan"},{"floor":48,"key":"Whetstone"}],"event_choices":[{"damage_healed":21,"gold_gain":0,"player_choice":"Healed","damage_taken":0,"max_hp_gain":0,"max_hp_loss":0,"event_name":"The Cleric","floor":4,"gold_loss":35},{"damage_healed":0,"gold_gain":0,"player_choice":"1 cards matched","damage_taken":0,"max_hp_gain":0,"max_hp_loss":0,"event_name":"Match and Keep!","floor":8,"gold_loss":0,"cards_obtained":["Electrodynamics"]},{"damage_healed":0,"gold_gain":50,"player_choice":"Stole From Cult","damage_taken":0,"max_hp_gain":0,"max_hp_loss":0,"event_name":"Nest","floor":21,"gold_loss":0},{"damage_healed":0,"gold_gain":0,"player_choice":"Shed Blood","damage_taken":36,"max_hp_gain":5,"max_hp_loss":0,"event_name":"Forgotten Altar","floor":30,"gold_loss":0},{"damage_healed":0,"gold_gain":0,"player_choice":"Fight","damage_taken":0,"max_hp_gain":0,"max_hp_loss":0,"event_name":"MindBloom","floor":36,"gold_loss":0},{"damage_healed":0,"gold_gain":0,"player_choice":"Ignored","damage_taken":0,"max_hp_gain":0,"max_hp_loss":0,"event_name":"Tomb of Lord Red Mask","floor":46,"gold_loss":0}],"is_beta":false,"boss_relics":[{"not_picked":["Runic Dome","Calling Bell"],"picked":"Pandora\u0027s Box"},{"not_picked":["Velvet Choker","SlaversCollar"],"picked":"Coffee Dripper"}],"items_purged_floors":[38],"is_endless":false,"potions_floor_spawned":[2,3,7,13,22,24,28,29,31,35,42,45],"killed_by":"Awakened One","ascension_level":20}