{"gold_per_floor":[110,121,86,36,36,36,97,97,165,215,277,307,322,352,352,352],"floor_reached":16,"playtime":760,"items_purged":["Defend_B"],"score":220,"play_id":"c4572548-48fb-4a07-ab79-3774b4198b1b","local_time":"20230827011737","is_ascension_mode":true,"campfire_choices":[{"data":"Zap","floor":6,"key":"SMITH"},{"data":"Ball Lightning","floor":8,"key":"SMITH"},{"data":"Rainbow","floor":15,"key":"SMITH"}],"neow_cost":"NONE","seed_source_timestamp":210313157563542,"circlet_count":0,"master_deck":["AscendersBane","Strike_B","Strike_B","Strike_B","Strike_B","Defend_B","Defend_B","Defend_B","Zap+1","Dualcast","CurseOfTheBell","Gash","Ball Lightning+1","Compile Driver+1","Ball Lightning","Rainbow+1","Loop"],"relics":["Calling Bell","Smiling Mask","Eternal Feather","Calipers","SsserpentHead","Shuriken","Shovel","PreservedInsect"],"potions_floor_usage":[12,13,14,16],"damage_taken":[{"damage":11,"enemies":"2 Louse","floor":1,"turns":3},{"damage":13,"enemies":"Cultist","floor":2,"turns":5},{"damage":7,"enemies":"Small Slimes","floor":7,"turns":3},{"damage":6,"enemies":"Exordium Thugs","floor":11,"turns":3},{"damage":11,"enemies":"Gremlin Nob","floor":12,"turns":3},{"damage":10,"enemies":"Exordium Wildlife","floor":13,"turns":3},{"damage":18,"enemies":"3 Sentries","floor":14,"turns":5},{"damage":28,"enemies":"Hexaghost","floor":16,"turns":4}],"seed_played":"-3395325850107604304","potions_obtained":[{"floor":1,"key":"Dexterity Potion"},{"floor":2,"key":"SteroidPotion"},{"floor":12,"key":"LiquidBronze"},{"floor":13,"key":"EntropicBrew"}],"is_trial":false,"path_per_floor":["M","M","?","$","?","R","M","R","T","?","M","E","M","E","R","B"],"character_chosen":"DEFECT","basemod:card_modifiers":[null,null,null,null,null,null,null,null,null,null,null,null,null,null,null,null,null],"items_purchased":[],"campfire_rested":0,"item_purchase_floors":[],"current_hp_per_floor":[53,40,57,57,57,63,56,62,62,62,56,45,35,17,26,0],"gold":352,"neow_bonus":"BOSS_RELIC","is_prod":false,"is_daily":false,"chose_seed":false,"campfire_upgraded":3,"win_rate":0,"timestamp":1693113457,"path_taken":["M","M","?","$","?","R","?","R","T","?","?","E","M","E","R","BOSS"],"build_version":"2022-12-01","purchased_purges":1,"victory":false,"max_hp_per_floor":[71,71,71,71,71,71,71,71,71,71,71,71,71,71,71,71],"card_choices":[{"not_picked":["Redo","Blizzard"],"picked":"Gash","floor":1},{"not_picked":["Redo","Sunder"],"picked":"Ball Lightning","floor":2},{"not_picked":["Go for the Eyes","Rebound"],"picked":"Compile Driver","floor":7},{"not_picked":["Leap","Barrage"],"picked":"Ball Lightning","floor":11},{"not_picked":["Auto Shields","Fusion"],"picked":"Rainbow","floor":12},{"not_picked":["Coolheaded","Turbo"],"picked":"Loop","floor":13},{"not_picked":["Streamline","Force Field","Meteor Strike"],"picked":"SKIP","floor":14}],"player_experience":98385,"relics_obtained":[{"floor":0,"key":"Smiling Mask"},{"floor":0,"key":"Eternal Feather"},{"floor":0,"key":"Calipers"},{"floor":9,"key":"Shuriken"},{"floor":12,"key":"Shovel"},{"floor":14,"key":"PreservedInsect"}],"event_choices":[{"damage_healed":17,"gold_gain":0,"player_choice":"Healed","damage_taken":0,"max_hp_gain":0,"max_hp_loss":0,"event_name":"The Cleric","floor":3,"gold_loss":35},{"damage_healed":0,"gold_gain":0,"player_choice":"Trade","damage_taken":0,"relics_obtained":["SsserpentHead"],"max_hp_gain":0,"max_hp_loss":0,"event_name":"FaceTrader","floor":5,"gold_loss":0},{"damage_healed":0,"gold_gain":0,"player_choice":"Upgraded","damage_taken":0,"max_hp_gain":0,"max_hp_loss":0,"event_name":"Upgrade Shrine","floor":10,"gold_loss":0,"cards_upgraded":["Compile Driver"]}],"is_beta":false,"boss_relics":[],"items_purged_floors":[4],"is_endless":false,"potions_floor_spawned":[1,2,12,13],"killed_by":"Hexaghost","ascension_level":20}