{"gold_per_floor":[111,127,138,157,174,174,202,202,202,230,230,244,244,262,262,262],"floor_reached":16,"playtime":946,"items_purged":[],"score":228,"play_id":"d9778742-3308-4c0b-956f-15a2bd842b86","local_time":"20230906220642","is_ascension_mode":true,"campfire_choices":[{"data":"Sweeping Beam","floor":6,"key":"SMITH"},{"data":"Zap","floor":8,"key":"SMITH"},{"data":"Chill","floor":11,"key":"SMITH"},{"floor":13,"key":"REST"},{"data":"Recycle","floor":15,"key":"SMITH"}],"neow_cost":"NONE","seed_source_timestamp":239635002583208,"circlet_count":0,"master_deck":["AscendersBane","Strike_B","Strike_B","Strike_B","Defend_B","Defend_B","Defend_B","Defend_B","Zap+1","Dualcast","Rebound","Ball Lightning","Steam","Ball Lightning","Sweeping Beam+1","Chill+1","Recycle+1"],"relics":["Cracked Core","Frozen Egg 2","Akabeko"],"potions_floor_usage":[7,7,16,16],"damage_taken":[{"damage":1,"enemies":"Cultist","floor":1,"turns":3},{"damage":0,"enemies":"Small Slimes","floor":2,"turns":3},{"damage":2,"enemies":"Jaw Worm","floor":3,"turns":3},{"damage":8,"enemies":"Red Slaver","floor":4,"turns":3},{"damage":7,"enemies":"2 Fungi Beasts","floor":5,"turns":3},{"damage":5,"enemies":"Lagavulin","floor":7,"turns":6},{"damage":20,"enemies":"3 Sentries","floor":10,"turns":5},{"damage":0,"enemies":"Exordium Thugs","floor":12,"turns":3},{"damage":11,"enemies":"Large Slime","floor":14,"turns":3},{"damage":33,"enemies":"The Guardian","floor":16,"turns":10}],"seed_played":"4341035811391157846","potions_obtained":[{"floor":1,"key":"AttackPotion"},{"floor":2,"key":"Block Potion"},{"floor":12,"key":"EssenceOfDarkness"},{"floor":14,"key":"PowerPotion"}],"is_trial":false,"path_per_floor":["M","M","M","M","M","R","E","R","T","E","R","M","R","M","R","B"],"character_chosen":"DEFECT","basemod:card_modifiers":[null,null,null,null,null,null,null,null,null,null,null,null,null,null,null,null,null],"items_purchased":[],"campfire_rested":1,"item_purchase_floors":[],"current_hp_per_floor":[63,63,61,53,46,46,41,41,41,21,21,21,42,31,31,0],"gold":262,"neow_bonus":"REMOVE_CARD","is_prod":false,"is_daily":false,"chose_seed":false,"campfire_upgraded":4,"win_rate":0,"timestamp":1694052402,"path_taken":["M","M","M","M","M","R","E","R","T","E","R","M","R","M","R","BOSS"],"build_version":"2022-12-01","purchased_purges":0,"victory":false,"max_hp_per_floor":[71,71,71,71,71,71,71,71,71,71,71,71,71,71,71,71],"card_choices":[{"not_picked":["Storm","Conserve Battery"],"picked":"Rebound","floor":1},{"not_picked":["Steam","Streamline"],"picked":"Ball Lightning","floor":2},{"not_picked":["Melter","Amplify"],"picked":"Steam","floor":3},{"not_picked":["Rebound","Beam Cell"],"picked":"Ball Lightning","floor":4},{"not_picked":["Fusion","Compile Driver"],"picked":"Sweeping Beam","floor":5},{"not_picked":["Compile Driver","Gash"],"picked":"Chill","floor":7},{"not_picked":["Hyperbeam","Redo","Rebound"],"picked":"SKIP","floor":10},{"not_picked":["Steam Power","Sweeping Beam","Rebound"],"picked":"SKIP","floor":12},{"not_picked":["Sweeping Beam","Ball Lightning"],"picked":"Recycle","floor":14}],"player_experience":142995,"relics_obtained":[{"floor":7,"key":"Frozen Egg 2"},{"floor":10,"key":"Akabeko"}],"event_choices":[],"is_beta":false,"boss_relics":[],"items_purged_floors":[],"is_endless":false,"potions_floor_spawned":[1,2,12,14],"killed_by":"The Guardian","ascension_level":20}