{"gold_per_floor":[117,132,132,145,164,164,179,214,296,322,322,351,351,371,371,445,445,465,484,8,28,28,28,28],"floor_reached":24,"playtime":2007,"items_purged":["Strike_B"],"score":436,"play_id":"78527158-b032-40bb-8a4c-1671cb200e4d","local_time":"20230906224911","is_ascension_mode":true,"campfire_choices":[{"data":"Zap","floor":6,"key":"SMITH"},{"data":"Buffer","floor":11,"key":"SMITH"},{"floor":15,"key":"REST"},{"data":"Defragment","floor":23,"key":"SMITH"}],"neow_cost":"NONE","seed_source_timestamp":241117434487625,"circlet_count":0,"master_deck":["AscendersBane","Strike_B","Strike_B","Defend_B","Defend_B","Defend_B","Defend_B","Zap+1","Dualcast","Cold Snap","BootSequence","Cold Snap","Skim","Compile Driver","Buffer+1","Defragment+1","Leap","Amplify","Compile Driver","Rebound","Dark Shackles"],"relics":["Cracked Core","NeowsBlessing","Regal Pillow","Question Card","Peace Pipe","Blood Vial","Sozu","Cables"],"potions_floor_usage":[7,8,10,10,24,24],"damage_taken":[{"damage":0,"enemies":"Cultist","floor":1,"turns":1},{"damage":0,"enemies":"Small Slimes","floor":2,"turns":1},{"damage":0,"enemies":"2 Louse","floor":4,"turns":1},{"damage":6,"enemies":"Lots of Slimes","floor":5,"turns":5},{"damage":5,"enemies":"Gremlin Gang","floor":7,"turns":4},{"damage":11,"enemies":"3 Sentries","floor":8,"turns":8},{"damage":15,"enemies":"Lagavulin","floor":10,"turns":8},{"damage":17,"enemies":"3 Sentries","floor":12,"turns":9},{"damage":0,"enemies":"3 Louse","floor":14,"turns":4},{"damage":21,"enemies":"The Guardian","floor":16,"turns":18},{"damage":0,"enemies":"Shell Parasite","floor":18,"turns":10},{"damage":0,"enemies":"Chosen","floor":19,"turns":5},{"damage":20,"enemies":"Snake Plant","floor":21,"turns":6},{"damage":72,"enemies":"Gremlin Leader","floor":24,"turns":10}],"seed_played":"4425449462717684373","potions_obtained":[{"floor":4,"key":"SteroidPotion"},{"floor":5,"key":"EntropicBrew"},{"floor":7,"key":"Energy Potion"},{"floor":12,"key":"FocusPotion"}],"is_trial":false,"path_per_floor":["M","M","?","M","M","R","M","E","T","E","R","E","?","M","R","B",null,"M","M","$","M","?","R","E"],"character_chosen":"DEFECT","basemod:card_modifiers":[null,null,null,null,null,null,null,null,null,null,null,null,null,null,null,null,null,null,null,null,null],"items_purchased":["Rebound","Cables","Dark Shackles"],"campfire_rested":1,"item_purchase_floors":[20,20,20],"current_hp_per_floor":[64,64,69,69,63,63,58,47,47,32,32,15,8,10,47,28,64,66,68,68,50,50,50,0],"gold":28,"neow_bonus":"THREE_ENEMY_KILL","is_prod":false,"is_daily":false,"chose_seed":false,"campfire_upgraded":3,"win_rate":0,"timestamp":1694054951,"path_taken":["M","M","?","M","M","R","M","E","T","E","R","E","?","M","R","BOSS","M","M","$","M","?","R","E"],"build_version":"2022-12-01","purchased_purges":1,"victory":false,"max_hp_per_floor":[71,71,76,76,76,76,76,76,76,76,76,76,76,76,76,76,76,76,76,76,76,76,76,76],"card_choices":[{"not_picked":["Blizzard","Go for the Eyes"],"picked":"Cold Snap","floor":1},{"not_picked":["Tempest","Sweeping Beam"],"picked":"BootSequence","floor":2},{"not_picked":["Heatsinks","Steam"],"picked":"Cold Snap","floor":4},{"not_picked":["Rebound","Aggregate"],"picked":"Skim","floor":5},{"not_picked":["Chaos","Go for the Eyes"],"picked":"Compile Driver","floor":7},{"not_picked":["Leap","Streamline"],"picked":"Buffer","floor":8},{"not_picked":["Coolheaded","Auto Shields","Redo"],"picked":"Defragment","floor":10},{"not_picked":["Self Repair","Scrape","Hologram"],"picked":"Leap","floor":12},{"not_picked":["Coolheaded","Recycle","Go for the Eyes","Barrage"],"picked":"SKIP","floor":14},{"not_picked":["Buffer","Rainbow","Creative AI"],"picked":"Amplify","floor":16},{"not_picked":["Go for the Eyes","Streamline+1","Blizzard"],"picked":"Compile Driver","floor":18},{"not_picked":["Static Discharge","Sweeping Beam","Gash","Beam Cell"],"picked":"SKIP","floor":19},{"not_picked":["White Noise","Go for the Eyes","Rainbow","Streamline"],"picked":"SKIP","floor":21}],"player_experience":144441,"relics_obtained":[{"floor":8,"key":"Regal Pillow"},{"floor":9,"key":"Question Card"},{"floor":10,"key":"Peace Pipe"},{"floor":12,"key":"Blood Vial"}],"event_choices":[{"damage_healed":0,"gold_gain":0,"player_choice":"Donut","damage_taken":0,"max_hp_gain":5,"max_hp_loss":0,"event_name":"Big Fish","floor":3,"gold_loss":0},{"cards_removed":["Strike_B"],"damage_healed":0,"gold_gain":0,"player_choice":"Card Removal","damage_taken":7,"max_hp_gain":0,"max_hp_loss":0,"event_name":"Golden Wing","floor":13,"gold_loss":0},{"damage_healed":0,"gold_gain":0,"player_choice":"Ignored","damage_taken":0,"max_hp_gain":0,"max_hp_loss":0,"event_name":"Ghosts","floor":22,"gold_loss":0}],"is_beta":false,"boss_relics":[{"not_picked":["Snecko Eye","Velvet Choker"],"picked":"Sozu"}],"items_purged_floors":[20],"is_endless":false,"potions_floor_spawned":[4,5,7,12,16,18,19],"killed_by":"Gremlin Leader","ascension_level":20}