{"gold_per_floor":[115,134,144,161,161,161,196,246,294,294,304,304,319,354,354,429,429,447,537,548,321,336,371,371,396,420,420,430,91,91,110,110,182,182,198,217,235,260,260,285,285,296,296,330,348,348,348,373,373,373,373,373,373,29,63,63],"floor_reached":57,"playtime":7250,"items_purged":[],"score":2934,"play_id":"1dc95c35-f799-4edb-9e09-4185074fd51c","local_time":"20230914183311","is_ascension_mode":true,"campfire_choices":[{"data":"Zap","floor":6.0,"key":"SMITH"},{"data":"Leap","floor":10.0,"key":"SMITH"},{"floor":12.0,"key":"REST"},{"data":"Hologram","floor":15.0,"key":"SMITH"},{"floor":24.0,"key":"REST"},{"data":"Echo Form","floor":30.0,"key":"SMITH"},{"data":"Seek","floor":32.0,"key":"SMITH"},{"floor":41.0,"key":"RECALL"},{"data":"Loop","floor":46.0,"key":"SMITH"},{"data":"Panacea","floor":49.0,"key":"SMITH"},{"data":"Discovery","floor":53.0,"key":"SMITH"}],"neow_cost":"NONE","seed_source_timestamp":22402491685041,"circlet_count":0,"master_deck":["AscendersBane","Zap+1","Dualcast","Leap+1","Compile Driver","Hologram+1","Compile Driver","Self Repair","Chill","Echo Form+1","Seek+1","Blizzard","Heatsinks","Heatsinks","Go for the Eyes","Glacier","Doom and Gloom","Undo","Coolheaded","Loop+1","Conserve Battery+1","Biased Cognition","Force Field","Turbo","Tempest+1","Discovery+1","Panacea+1","Discovery","Seek","Defragment","BootSequence+1"],"special_seed":0,"relics":["Cracked Core","Bag of Preparation","Mummified Hand","Oddly Smooth Stone","Orichalcum","Pandora\u0027s Box","Centennial Puzzle","Vajra","Ancient Tea Set","Bottled Tornado","Sozu","Ice Cream","Strawberry","Symbiotic Virus","Regal Pillow","MealTicket","Pantograph","Bronze Scales"],"potions_floor_usage":[56],"damage_taken":[{"damage":0.0,"enemies":"2 Louse","floor":1.0,"turns":3.0},{"damage":7.0,"enemies":"Small Slimes","floor":2.0,"turns":4.0},{"damage":1.0,"enemies":"Cultist","floor":3.0,"turns":4.0},{"damage":4.0,"enemies":"2 Fungi Beasts","floor":4.0,"turns":3.0},{"damage":14.0,"enemies":"Gremlin Nob","floor":7.0,"turns":3.0},{"damage":13.0,"enemies":"Lots of Slimes","floor":11.0,"turns":5.0},{"damage":0.0,"enemies":"Large Slime","floor":13.0,"turns":4.0},{"damage":10.0,"enemies":"Lagavulin","floor":14.0,"turns":7.0},{"damage":18.0,"enemies":"The Guardian","floor":16.0,"turns":14.0},{"damage":2.0,"enemies":"Chosen","floor":18.0,"turns":4.0},{"damage":9.0,"enemies":"Shell Parasite","floor":20.0,"turns":5.0},{"damage":2.0,"enemies":"Centurion and Healer","floor":22.0,"turns":7.0},{"damage":68.0,"enemies":"Gremlin Leader","floor":23.0,"turns":9.0},{"damage":8.0,"enemies":"Book of Stabbing","floor":25.0,"turns":6.0},{"damage":8.0,"enemies":"Snake Plant","floor":28.0,"turns":3.0},{"damage":7.0,"enemies":"Shelled Parasite and Fungi","floor":31.0,"turns":5.0},{"damage":56.0,"enemies":"Collector","floor":33.0,"turns":11.0},{"damage":0.0,"enemies":"3 Darklings","floor":35.0,"turns":4.0},{"damage":0.0,"enemies":"3 Shapes","floor":36.0,"turns":4.0},{"damage":9.0,"enemies":"Transient","floor":37.0,"turns":6.0},{"damage":0.0,"enemies":"Mind Bloom Boss Battle","floor":38.0,"turns":6.0},{"damage":6.0,"enemies":"Reptomancer","floor":40.0,"turns":5.0},{"damage":0.0,"enemies":"Maw","floor":42.0,"turns":7.0},{"damage":0.0,"enemies":"Nemesis","floor":44.0,"turns":5.0},{"damage":0.0,"enemies":"Sphere and 2 Shapes","floor":45.0,"turns":5.0},{"damage":10.0,"enemies":"Giant Head","floor":48.0,"turns":6.0},{"damage":0.0,"enemies":"Time Eater","floor":50.0,"turns":7.0},{"damage":44.0,"enemies":"Awakened One","floor":51.0,"turns":16.0},{"damage":10,"enemies":"Shield and Spear","floor":55,"turns":6},{"damage":60,"enemies":"The Heart","floor":56,"turns":9}],"seed_played":"711587155232294493","potions_obtained":[{"floor":1.0,"key":"EntropicBrew"},{"floor":2.0,"key":"Energy Potion"},{"floor":11.0,"key":"FearPotion"},{"floor":18.0,"key":"LiquidMemories"},{"floor":20.0,"key":"Fire Potion"},{"floor":31.0,"key":"DistilledChaos"}],"is_trial":false,"path_per_floor":["M","M","M","M","?","R","E","?","T","R","M","R","M","E","R","B",null,"M","?","M","$","M","E","R","E","T","?","M","$","R","M","R","B",null,"M","M","M","?","?","E","R","M","T","E","M","R","?","E","R","B","B",null,"R","$","E","B",null],"character_chosen":"DEFECT","basemod:card_modifiers":[null,null,null,null,null,null,null,null,null,null,null,null,null,null,null,null,null,null,null,null,null,null,null,null,null,null,null,null,null,null,null],"items_purchased":["Coolheaded","Centennial Puzzle","Bottled Tornado","AttackPotion","Pantograph","Defragment"],"campfire_rested":2,"item_purchase_floors":[21,21,29,29,54,54],"current_hp_per_floor":[64,57,56,52,45,45,31,31,31,31,25,46,53,50,50,39,63,68,56,61,61,71,10,31,37,37,71,70,70,70,71,71,22,59,66,71,71,71,71,78,78,78,78,78,78,78,68,72,72,78,41,69,69,78,75,25],"gold":63,"neow_bonus":"RANDOM_COMMON_RELIC","is_prod":false,"is_daily":false,"chose_seed":false,"campfire_upgraded":8,"win_rate":0,"timestamp":1694730791,"path_taken":["M","M","M","M","?","R","E","?","T","R","M","R","?","E","R","BOSS","M","?","?","$","M","E","R","E","T","?","?","$","R","M","R","BOSS","M","M","M","?","?","E","R","M","T","E","M","R","?","E","R","BOSS","BOSS","R","$","E","BOSS"],"build_version":"2022-12-01","purchased_purges":0,"victory":true,"max_hp_per_floor":[71,71,71,71,71,71,71,71,71,71,71,71,71,71,71,71,71,71,71,71,71,71,71,71,71,71,71,71,71,71,71,71,71,71,71,71,71,71,71,78,78,78,78,78,78,78,78,78,78,78,78,78,78,78,78,78],"card_choices":[{"not_picked":["Aggregate","Loop"],"picked":"Leap","floor":1.0},{"not_picked":["Force Field","Tempest"],"picked":"Compile Driver","floor":2.0},{"not_picked":["Turbo","Barrage"],"picked":"Hologram","floor":3.0},{"not_picked":["Storm","Go for the Eyes"],"picked":"Compile Driver","floor":4.0},{"not_picked":["Loop","Turbo"],"picked":"Self Repair","floor":7.0},{"not_picked":["Steam","Gash"],"picked":"Cold Snap","floor":11.0},{"not_picked":["Hologram","Aggregate"],"picked":"Chill","floor":13.0},{"not_picked":["Chill","Sweeping Beam","Gash"],"picked":"SKIP","floor":14.0},{"not_picked":["Machine Learning","Reboot"],"picked":"Echo Form","floor":16.0},{"not_picked":["Blizzard+1","Leap+1"],"picked":"Doom and Gloom","floor":18.0},{"not_picked":["Compile Driver","Heatsinks"],"picked":"Undo","floor":20.0},{"not_picked":["Recycle","Double Energy"],"picked":"Loop","floor":22.0},{"not_picked":["Barrage","Streamline","Fusion"],"picked":"SKIP","floor":23.0},{"not_picked":["Reprogram","Aggregate","Rip and Tear"],"picked":"SKIP","floor":25.0},{"not_picked":["Compile Driver","Chaos+1","Barrage"],"picked":"SKIP","floor":28.0},{"not_picked":["Beam Cell","Go for the Eyes"],"picked":"Conserve Battery+1","floor":31.0},{"not_picked":["Core Surge","Thunder Strike"],"picked":"Biased Cognition","floor":33.0},{"not_picked":["Redo","Storm","Steam"],"picked":"SKIP","floor":35.0},{"not_picked":["Melter+1","Gash+1","Rip and Tear+1"],"picked":"SKIP","floor":36.0},{"not_picked":["Doom and Gloom+1","Aggregate"],"picked":"Force Field","floor":37.0},{"not_picked":["Steam Power","Storm"],"picked":"Turbo","floor":40.0},{"not_picked":["Turbo","Fusion","Compile Driver"],"picked":"SKIP","floor":42.0},{"not_picked":["Rebound","Thunder Strike"],"picked":"Tempest+1","floor":44.0},{"not_picked":["Rebound","Sweeping Beam+1","Steam Power"],"picked":"SKIP","floor":45.0},{"not_picked":["Blind","Enlightenment"],"picked":"Discovery","floor":47.0},{"not_picked":["Impatience","Forethought"],"picked":"Panacea","floor":47.0},{"not_picked":["Blind","Enlightenment"],"picked":"Discovery","floor":47.0},{"not_picked":["Ball Lightning+1","Genetic Algorithm"],"picked":"Seek","floor":48.0},{"not_picked":["Ball Lightning","Storm"],"picked":"BootSequence+1","floor":55}],"player_experience":113564,"relics_obtained":[{"floor":7.0,"key":"Mummified Hand"},{"floor":9.0,"key":"Oddly Smooth Stone"},{"floor":14.0,"key":"Orichalcum"},{"floor":23.0,"key":"Vajra"},{"floor":25.0,"key":"Ancient Tea Set"},{"floor":38.0,"key":"Ice Cream"},{"floor":40.0,"key":"Strawberry"},{"floor":43.0,"key":"Symbiotic Virus"},{"floor":44.0,"key":"Regal Pillow"},{"floor":48.0,"key":"MealTicket"},{"floor":55,"key":"Bronze Scales"}],"event_choices":[{"cards_removed":["Strike_B"],"damage_healed":0.0,"max_hp_gain":0.0,"max_hp_loss":0.0,"gold_gain":0.0,"event_name":"Golden Wing","player_choice":"Card Removal","floor":5.0,"gold_loss":0.0,"damage_taken":7.0},{"damage_healed":0.0,"max_hp_gain":0.0,"max_hp_loss":0.0,"gold_gain":50.0,"event_name":"Golden Shrine","player_choice":"Pray","floor":8.0,"gold_loss":0.0,"damage_taken":0.0},{"damage_healed":0.0,"max_hp_gain":0.0,"max_hp_loss":0.0,"gold_gain":90.0,"event_name":"Knowing Skull","player_choice":"GOLD ","floor":19.0,"potions_obtained":[],"gold_loss":0.0,"damage_taken":12.0,"cards_obtained":[]},{"cards_removed":["Rip and Tear"],"damage_healed":34.0,"max_hp_gain":0.0,"max_hp_loss":0.0,"gold_gain":0.0,"event_name":"Bonfire Elementals","player_choice":"Offered Uncommon","floor":27.0,"gold_loss":0.0,"damage_taken":0.0},{"damage_healed":0.0,"max_hp_gain":0.0,"max_hp_loss":0.0,"gold_gain":0.0,"event_name":"MindBloom","player_choice":"Fight","floor":38.0,"gold_loss":0.0,"damage_taken":0.0},{"cards_removed":["Cold Snap"],"damage_healed":0.0,"max_hp_gain":0.0,"max_hp_loss":0.0,"gold_gain":0.0,"event_name":"Falling","player_choice":"Removed Attack","floor":39.0,"gold_loss":0.0,"damage_taken":0.0},{"damage_healed":0.0,"max_hp_gain":0.0,"max_hp_loss":0.0,"gold_gain":0.0,"event_name":"SensoryStone","player_choice":"Memory 3","floor":47.0,"gold_loss":0.0,"damage_taken":10.0}],"is_beta":false,"boss_relics":[{"not_picked":["Astrolabe","Runic Pyramid"],"picked":"Pandora\u0027s Box"},{"not_picked":["Black Star","Philosopher\u0027s Stone"],"picked":"Sozu"}],"items_purged_floors":[],"is_endless":false,"potions_floor_spawned":[1,2,11,13,18,20,31,35,36,42,48],"ascension_level":20}