{"gold_per_floor":[117,192,202,202,221,221,234,264,264,298,298,318,329,343,343,420,470,489,539,553,563,578,578],"floor_reached":23,"playtime":1968,"items_purged":[],"score":414,"play_id":"c4037d4c-4521-4c40-a7df-15449f9a6609","local_time":"20230921130905","is_ascension_mode":true,"campfire_choices":[{"data":"Rip and Tear","floor":6,"key":"SMITH"},{"floor":11,"key":"REST"},{"data":"Buffer","floor":15,"key":"SMITH"}],"neow_cost":"NONE","seed_source_timestamp":264743285487666,"circlet_count":0,"master_deck":["AscendersBane","Strike_B","Strike_B","Strike_B","Strike_B","Defend_B","Defend_B+1","Defend_B","Defend_B","Zap","Dualcast","Turbo","Rip and Tear+1","Defragment+1","Cold Snap","Ball Lightning","Conserve Battery","Buffer+1","Compile Driver","Coolheaded","Sweeping Beam","Core Surge","Recycle","Steam"],"relics":["Cracked Core","Bronze Scales","HornCleat","InkBottle","Tiny House"],"potions_floor_usage":[7,8,10,16,20,22,23],"damage_taken":[{"damage":3,"enemies":"2 Louse","floor":1,"turns":3},{"damage":7,"enemies":"Small Slimes","floor":3,"turns":3},{"damage":2,"enemies":"Jaw Worm","floor":5,"turns":3},{"damage":2,"enemies":"Looter","floor":7,"turns":4},{"damage":20,"enemies":"Lagavulin","floor":8,"turns":7},{"damage":7,"enemies":"3 Sentries","floor":10,"turns":4},{"damage":3,"enemies":"Large Slime","floor":12,"turns":5},{"damage":3,"enemies":"Gremlin Gang","floor":13,"turns":4},{"damage":0,"enemies":"Looter","floor":14,"turns":2},{"damage":20,"enemies":"Slime Boss","floor":16,"turns":10},{"damage":0,"enemies":"Spheric Guardian","floor":18,"turns":4},{"damage":11,"enemies":"Shell Parasite","floor":20,"turns":4},{"damage":8,"enemies":"Cultist and Chosen","floor":21,"turns":6},{"damage":14,"enemies":"Shelled Parasite and Fungi","floor":22,"turns":5},{"damage":31,"enemies":"Book of Stabbing","floor":23,"turns":4}],"seed_played":"-5014221246884331090","potions_obtained":[{"floor":1,"key":"Block Potion"},{"floor":3,"key":"SpeedPotion"},{"floor":7,"key":"ColorlessPotion"},{"floor":8,"key":"CultistPotion"},{"floor":17,"key":"Weak Potion"},{"floor":18,"key":"Weak Potion"},{"floor":20,"key":"AttackPotion"}],"is_trial":false,"path_per_floor":["M","?","M","?","M","R","M","E","T","E","R","M","M","M","R","B",null,"M","?","M","M","M","E"],"character_chosen":"DEFECT","basemod:card_modifiers":[null,null,null,null,null,null,null,null,null,null,null,null,null,null,null,null,null,null,null,null,null,null,null,null],"items_purchased":[],"campfire_rested":1,"item_purchase_floors":[],"current_hp_per_floor":[61,50,43,43,41,41,39,19,19,12,33,30,27,27,27,7,60,60,60,49,41,27,0],"gold":578,"neow_bonus":"THREE_CARDS","is_prod":false,"is_daily":false,"chose_seed":false,"campfire_upgraded":2,"win_rate":0,"timestamp":1695316145,"path_taken":["M","?","M","?","M","R","M","E","T","E","R","M","M","M","R","BOSS","M","?","M","M","M","E"],"build_version":"2022-12-01","purchased_purges":0,"victory":false,"max_hp_per_floor":[71,71,71,71,71,71,71,71,71,71,71,71,71,71,71,71,76,76,76,76,76,76,76],"card_choices":[{"not_picked":["Steam","Stack"],"picked":"Turbo","floor":0},{"not_picked":["Capacitor","Chill"],"picked":"Rip and Tear","floor":1},{"not_picked":["Consume","Stack"],"picked":"Defragment","floor":3},{"not_picked":["Skim","Hello World"],"picked":"Cold Snap","floor":5},{"not_picked":["Cold Snap","Stack"],"picked":"Ball Lightning","floor":7},{"not_picked":["Reprogram","Streamline"],"picked":"Conserve Battery","floor":8},{"not_picked":["Beam Cell","Ball Lightning"],"picked":"Buffer","floor":10},{"not_picked":["Redo","Beam Cell"],"picked":"Compile Driver","floor":12},{"not_picked":["Go for the Eyes","Cold Snap"],"picked":"Coolheaded","floor":13},{"not_picked":["Go for the Eyes","Sweeping Beam","Auto Shields"],"picked":"SKIP","floor":14},{"not_picked":["Go for the Eyes","Auto Shields"],"picked":"Sweeping Beam","floor":14},{"not_picked":["Machine Learning","Multi-Cast"],"picked":"Core Surge","floor":16},{"not_picked":["Barrage","Go for the Eyes"],"picked":"Recycle","floor":17},{"not_picked":["Turbo","Cold Snap","Stack"],"picked":"SKIP","floor":18},{"not_picked":["Sweeping Beam","Rip and Tear+1","Barrage"],"picked":"SKIP","floor":20},{"not_picked":["Sweeping Beam+1","Conserve Battery"],"picked":"Steam","floor":21},{"not_picked":["Scrape","Leap","Go for the Eyes"],"picked":"SKIP","floor":22}],"player_experience":145440,"relics_obtained":[{"floor":8,"key":"Bronze Scales"},{"floor":9,"key":"HornCleat"},{"floor":10,"key":"InkBottle"}],"event_choices":[{"damage_healed":0,"gold_gain":75,"player_choice":"Gather Gold","damage_taken":11,"max_hp_gain":0,"max_hp_loss":0,"event_name":"World of Goop","floor":2,"gold_loss":0},{"damage_healed":0,"gold_gain":0,"player_choice":"Grow","damage_taken":0,"max_hp_gain":0,"max_hp_loss":0,"event_name":"Living Wall","floor":4,"gold_loss":0,"cards_upgraded":["Defragment"]},{"damage_healed":0,"gold_gain":50,"player_choice":"Stole From Cult","damage_taken":0,"max_hp_gain":0,"max_hp_loss":0,"event_name":"Nest","floor":19,"gold_loss":0}],"is_beta":false,"boss_relics":[{"not_picked":["Busted Crown","Inserter"],"picked":"Tiny House"}],"items_purged_floors":[],"is_endless":false,"potions_floor_spawned":[1,3,7,8,18,20],"killed_by":"Book of Stabbing","ascension_level":20}