{"gold_per_floor":[114,114,114,124,139,139,62,111,111,141,153,184,245,166,166,243,243,263,263,20,34,49,49,74,74,100,124,137,137,137,165,165,244,244,264,276,292,304,304,304],"floor_reached":40,"playtime":3370,"items_purged":["Defend_B","Strike_B"],"score":868,"play_id":"21d6d31e-71e9-4c3e-8a1f-0a5819b9a4fa","local_time":"20231010111428","is_ascension_mode":true,"campfire_choices":[{"data":"Defragment","floor":6,"key":"SMITH"},{"data":"Static Discharge","floor":15,"key":"SMITH"},{"data":"Seek","floor":23,"key":"SMITH"},{"data":"Heatsinks","floor":25,"key":"SMITH"},{"floor":30,"key":"REST"},{"floor":32,"key":"REST"}],"neow_cost":"NONE","seed_source_timestamp":66205501167875,"circlet_count":0,"master_deck":["AscendersBane","Strike_B","Strike_B","Strike_B","Defend_B","Defend_B","Defend_B","Zap+1","Dualcast","Cold Snap","Beam Cell","Defragment+1","Glacier","Electrodynamics","Static Discharge+1","Compile Driver","Seek+1","Defragment","Heatsinks+1","Aggregate","Conserve Battery","Echo Form","Darkness","Reinforced Body","Meteor Strike","Hologram","All For One"],"relics":["Cracked Core","NeowsBlessing","Potion Belt","Toy Ornithopter","Tiny Chest","Vajra","The Courier","Runic Dome","Ancient Tea Set","Bag of Preparation","InkBottle","Dream Catcher","Boot","Snecko Eye"],"potions_floor_usage":[11,12,16,18,31,33,37],"damage_taken":[{"damage":0,"enemies":"Small Slimes","floor":1,"turns":1},{"damage":0,"enemies":"Cultist","floor":4,"turns":1},{"damage":0,"enemies":"Jaw Worm","floor":5,"turns":1},{"damage":9,"enemies":"Lagavulin","floor":10,"turns":7},{"damage":0,"enemies":"3 Louse","floor":11,"turns":2},{"damage":11,"enemies":"3 Sentries","floor":12,"turns":8},{"damage":24,"enemies":"3 Sentries","floor":13,"turns":4},{"damage":22,"enemies":"Hexaghost","floor":16,"turns":5},{"damage":6,"enemies":"Shell Parasite","floor":18,"turns":4},{"damage":3,"enemies":"Chosen","floor":21,"turns":4},{"damage":30,"enemies":"Shelled Parasite and Fungi","floor":22,"turns":7},{"damage":20,"enemies":"Book of Stabbing","floor":24,"turns":4},{"damage":5,"enemies":"Snecko","floor":28,"turns":5},{"damage":20,"enemies":"Slavers","floor":31,"turns":5},{"damage":8,"enemies":"Automaton","floor":33,"turns":10},{"damage":30,"enemies":"3 Darklings","floor":35,"turns":2},{"damage":0,"enemies":"3 Shapes","floor":36,"turns":5},{"damage":10,"enemies":"3 Darklings","floor":37,"turns":3},{"damage":5,"enemies":"4 Shapes","floor":38,"turns":4},{"damage":27,"enemies":"Giant Head","floor":40,"turns":6}],"seed_played":"5505805433298396189","potions_obtained":[{"floor":1,"key":"Energy Potion"},{"floor":5,"key":"Energy Potion"},{"floor":10,"key":"Explosive Potion"},{"floor":12,"key":"SkillPotion"},{"floor":21,"key":"FairyPotion"},{"floor":28,"key":"FearPotion"},{"floor":31,"key":"Swift Potion"},{"floor":36,"key":"DistilledChaos"}],"is_trial":false,"path_per_floor":["M","?","?","M","M","R","$","T","T","E","M","E","?","$","R","B",null,"M","?","$","M","M","R","E","R","T","T","M","?","R","E","R","B",null,"M","M","M","M","?","E"],"character_chosen":"DEFECT","basemod:card_modifiers":[null,null,null,null,null,null,null,null,null,null,null,null,null,null,null,null,null,null,null,null,null,null,null,null,null,null,null],"items_purchased":["Glacier","Compile Driver","Defragment","Bag of Preparation"],"campfire_rested":2,"item_purchase_floors":[7,14,20,20],"current_hp_per_floor":[64,64,64,64,64,64,64,64,64,55,60,54,30,30,30,13,57,56,56,56,53,23,23,3,3,3,3,21,1,23,8,30,27,64,34,34,29,24,24,0],"gold":304,"neow_bonus":"THREE_ENEMY_KILL","is_prod":false,"is_daily":false,"chose_seed":false,"campfire_upgraded":4,"win_rate":0,"timestamp":1696950868,"path_taken":["M","?","?","M","?","R","$","?","T","E","M","E","?","?","R","BOSS","M","?","$","M","M","R","E","R","T","?","?","?","R","E","R","BOSS","M","M","M","M","?","E"],"build_version":"2022-12-01","purchased_purges":2,"victory":false,"max_hp_per_floor":[71,71,71,71,71,71,71,71,71,71,71,71,71,71,71,71,71,71,71,71,71,71,71,71,71,71,71,71,76,76,76,76,76,76,76,76,76,76,76,76],"card_choices":[{"not_picked":["Skim","Blizzard"],"picked":"Cold Snap","floor":1},{"not_picked":["Steam","Redo"],"picked":"Beam Cell","floor":4},{"not_picked":["Compile Driver","Go for the Eyes"],"picked":"Defragment","floor":5},{"not_picked":["Streamline","Consume"],"picked":"Compile Driver","floor":10},{"not_picked":["Go for the Eyes","Conserve Battery","Sweeping Beam"],"picked":"SKIP","floor":11},{"not_picked":["Ball Lightning","Rebound"],"picked":"Electrodynamics","floor":12},{"not_picked":["Ball Lightning","Barrage"],"picked":"Static Discharge","floor":13},{"not_picked":["Creative AI","Amplify"],"picked":"Seek","floor":16},{"not_picked":["Beam Cell","Steam","Redo"],"picked":"SKIP","floor":18},{"not_picked":["Gash","Redo"],"picked":"Heatsinks","floor":21},{"not_picked":["Leap","Storm"],"picked":"Aggregate","floor":22},{"not_picked":["Blizzard","Consume"],"picked":"Conserve Battery","floor":24},{"not_picked":["Redo","Doom and Gloom"],"picked":"Echo Form","floor":28},{"not_picked":["Cold Snap","Stack"],"picked":"Darkness","floor":30},{"not_picked":["Gash","Beam Cell","Melter"],"picked":"SKIP","floor":31},{"not_picked":["Stack","Streamline"],"picked":"Reinforced Body","floor":32},{"not_picked":["All For One","Multi-Cast"],"picked":"Meteor Strike","floor":33},{"not_picked":["Redo","Go for the Eyes"],"picked":"Hologram","floor":35},{"not_picked":["Barrage","Conserve Battery+1","Chill"],"picked":"SKIP","floor":36},{"not_picked":["Steam","Stack","Lockon"],"picked":"SKIP","floor":37},{"not_picked":["BootSequence","Stack"],"picked":"All For One","floor":38}],"player_experience":163976,"relics_obtained":[{"floor":8,"key":"Potion Belt"},{"floor":9,"key":"Toy Ornithopter"},{"floor":10,"key":"Tiny Chest"},{"floor":12,"key":"Vajra"},{"floor":13,"key":"The Courier"},{"floor":24,"key":"InkBottle"},{"floor":27,"key":"Dream Catcher"},{"floor":31,"key":"Boot"}],"event_choices":[{"damage_healed":0,"gold_gain":0,"player_choice":"Ignored","damage_taken":0,"max_hp_gain":0,"max_hp_loss":0,"event_name":"Liars Game","floor":2,"gold_loss":0},{"damage_healed":0,"gold_gain":0,"player_choice":"Upgraded","damage_taken":0,"max_hp_gain":0,"max_hp_loss":0,"event_name":"Upgrade Shrine","floor":3,"gold_loss":0,"cards_upgraded":["Zap"]},{"damage_healed":0,"gold_gain":0,"player_choice":"Searched \u00271\u0027 times","damage_taken":0,"max_hp_gain":0,"max_hp_loss":0,"event_name":"Dead Adventurer","floor":13,"gold_loss":0},{"cards_removed":["Compile Driver"],"damage_healed":0,"gold_gain":0,"player_choice":"Gave Card","damage_taken":0,"relics_obtained":["Ancient Tea Set"],"max_hp_gain":0,"max_hp_loss":0,"event_name":"WeMeetAgain","floor":19,"gold_loss":0},{"damage_healed":0,"gold_gain":0,"player_choice":"Shed Blood","damage_taken":25,"max_hp_gain":5,"max_hp_loss":0,"event_name":"Forgotten Altar","floor":29,"gold_loss":0},{"damage_healed":0,"gold_gain":0,"player_choice":"Ignored","damage_taken":0,"max_hp_gain":0,"max_hp_loss":0,"event_name":"Mysterious Sphere","floor":39,"gold_loss":0}],"is_beta":false,"boss_relics":[{"not_picked":["Inserter","Black Star"],"picked":"Runic Dome"},{"not_picked":["Fusion Hammer","Nuclear Battery"],"picked":"Snecko Eye"}],"items_purged_floors":[14,20],"is_endless":false,"potions_floor_spawned":[1,5,10,12,21,28,31,36],"killed_by":"Giant Head","ascension_level":20}