{"gold_per_floor":[118,43,43,58,108,108,121,156,231,243,243,243],"floor_reached":12,"playtime":556,"items_purged":["Strike_B"],"score":156,"play_id":"f805919d-5015-46b5-acad-31abe501e3ad","local_time":"20231011091340","is_ascension_mode":true,"campfire_choices":[{"data":"Streamline","floor":6,"key":"SMITH"}],"neow_cost":"NONE","seed_source_timestamp":135147783429916,"circlet_count":0,"master_deck":["AscendersBane","Strike_B","Strike_B","Strike_B","Defend_B","Defend_B","Defend_B","Zap","Dualcast","Undo","Streamline+1","Go for the Eyes","FTL"],"relics":["Cracked Core","NeowsBlessing","Vajra","Pear"],"potions_floor_usage":[8,12],"damage_taken":[{"damage":0,"enemies":"Small Slimes","floor":1,"turns":1},{"damage":0,"enemies":"Cultist","floor":4,"turns":1},{"damage":0,"enemies":"2 Louse","floor":7,"turns":1},{"damage":41,"enemies":"Gremlin Nob","floor":8,"turns":4},{"damage":17,"enemies":"Exordium Thugs","floor":10,"turns":4},{"damage":25,"enemies":"3 Sentries","floor":12,"turns":4}],"seed_played":"-5035310793003969238","potions_obtained":[{"floor":1,"key":"PowerPotion"},{"floor":10,"key":"CultistPotion"}],"is_trial":false,"path_per_floor":["M","$","?","M","?","R","M","E","T","M","?","E"],"character_chosen":"DEFECT","basemod:card_modifiers":[null,null,null,null,null,null,null,null,null,null,null,null,null],"items_purchased":[],"campfire_rested":0,"item_purchase_floors":[],"current_hp_per_floor":[64,64,64,64,64,64,64,23,33,16,16,0],"gold":243,"neow_bonus":"THREE_ENEMY_KILL","is_prod":false,"is_daily":false,"chose_seed":false,"campfire_upgraded":1,"win_rate":0,"timestamp":1697030020,"path_taken":["M","$","?","?","?","R","?","E","T","M","?","E"],"build_version":"2022-12-01","purchased_purges":1,"victory":false,"max_hp_per_floor":[71,71,71,71,71,71,71,71,81,81,81,81],"card_choices":[{"not_picked":["Conserve Battery","Turbo"],"picked":"Undo","floor":1},{"not_picked":["Steam","Leap"],"picked":"Streamline","floor":4},{"not_picked":["Conserve Battery","Barrage"],"picked":"Go for the Eyes","floor":7},{"not_picked":["Streamline","Leap"],"picked":"FTL","floor":8},{"not_picked":["Loop","Storm","Fusion"],"picked":"SKIP","floor":10}],"player_experience":170491,"relics_obtained":[{"floor":8,"key":"Vajra"},{"floor":9,"key":"Pear"}],"event_choices":[{"cards_removed":["Defend_B"],"damage_healed":0,"gold_gain":0,"player_choice":"Purged","damage_taken":0,"max_hp_gain":0,"max_hp_loss":0,"event_name":"Purifier","floor":3,"gold_loss":0},{"damage_healed":0,"gold_gain":50,"player_choice":"Pray","damage_taken":0,"max_hp_gain":0,"max_hp_loss":0,"event_name":"Golden Shrine","floor":5,"gold_loss":0},{"damage_healed":0,"gold_gain":0,"player_choice":"Ignored","damage_taken":0,"max_hp_gain":0,"max_hp_loss":0,"event_name":"Shining Light","floor":11,"gold_loss":0}],"is_beta":false,"boss_relics":[],"items_purged_floors":[2],"is_endless":false,"potions_floor_spawned":[1,10],"killed_by":"3 Sentries","ascension_level":20}