{"neow_bonuses_skipped_log":["TEN_PERCENT_HP_BONUS"],"potions_obtained_entropic_brew":[[],[],[],[],[],[],[],[],[],[],[],[],[],[],[],[]],"neow_costs_skipped_log":["NONE"],"gold_per_floor":[112,112,125,143,48,48,67,92,92,92,92,119,130,152,152,152],"floor_reached":16,"playtime":905,"items_purged":[],"score":220,"play_id":"683163cc-5abe-4eb8-9318-c31be01be029","local_time":"20231215122148","score_breakdown":["Floors Climbed (16): 80","Enemies Slain (5): 10","Exordium Elites Killed (2): 20","Bosses Slain (0): 0","Ascension (20): 110"],"is_ascension_mode":true,"potions_obtained_alchemize":[[],[],[],[],[],[],[],[],[],[],[],[],[],[],[],[]],"campfire_choices":[{"data":"Zap","floor":6,"key":"SMITH"},{"data":"Hyperbeam","floor":10,"key":"SMITH"},{"data":"Hologram","floor":15,"key":"SMITH"}],"lesson_learned_per_floor":[[],[],[],[],[],[],[],[],[],[],[],[],[],[],[],[]],"neow_cost":"NONE","improvable_cards":{},"seed_source_timestamp":192467086775791,"shop_contents":[{"floor":5,"relics":["Mercury Hourglass","Pantograph","ClockworkSouvenir"],"cards":["Sunder","Ball Lightning","Tempest","Redo","Trip","Sadistic Nature"],"potions":["PotionOfCapacity","LiquidMemories"]}],"circlet_count":0,"master_deck":["AscendersBane","Strike_B","Strike_B","Strike_B","Strike_B","Defend_B","Defend_B","Defend_B","Defend_B","Zap+1","Dualcast","Hologram+1","Streamline","Ball Lightning","Self Repair","Rebound","Hyperbeam+1","Recycle","Beam Cell"],"potion_use_per_floor":[[],[],[],[],[],[],[],["FocusPotion"],[],[],[],[],[],[],[],["GamblersBrew","PowerPotion"]],"relics":["Cracked Core","NeowsBlessing","Singing Bowl","Nunchaku","CaptainsWheel","Omamori","PreservedInsect","Odd Mushroom"],"potions_floor_usage":[8,16,16],"damage_taken":[{"damage":0,"enemies":"Cultist","floor":1,"turns":1},{"damage":0,"enemies":"Jaw Worm","floor":3,"turns":1},{"damage":0,"enemies":"2 Louse","floor":4,"turns":1},{"damage":6,"enemies":"Blue Slaver","floor":7,"turns":3},{"damage":9,"enemies":"Gremlin Nob","floor":8,"turns":3},{"damage":17,"enemies":"Lagavulin","floor":12,"turns":5},{"damage":8,"enemies":"2 Fungi Beasts","floor":13,"turns":4},{"damage":24,"enemies":"The Mushroom Lair","floor":14,"turns":3},{"damage":33,"enemies":"Hexaghost","floor":16,"turns":7}],"seed_played":"3080936150770601573","neow_bonus_log":{"cardsObtained":[],"cardsUpgraded":[],"cardsRemoved":[],"cardsTransformed":[],"relicsObtained":["NeowsBlessing"],"maxHpGained":0,"goldGained":0,"damageTaken":0,"goldLost":0,"maxHpLost":0},"potions_obtained":[{"floor":12,"key":"PowerPotion"},{"floor":14,"key":"GamblersBrew"}],"is_trial":false,"path_per_floor":["M","T","M","M","$","R","M","E","T","R","?","E","M","?","R","B"],"character_chosen":"DEFECT","basemod:card_modifiers":[null,null,null,null,null,null,null,null,null,null,null,null,null,null,null,null,null,null,null],"items_purchased":["Self Repair","FocusPotion"],"campfire_rested":0,"item_purchase_floors":[5,5],"current_hp_per_floor":[64,64,64,64,64,64,65,63,63,63,58,48,49,32,32,0],"gold":152,"neow_bonus":"THREE_ENEMY_KILL","is_prod":false,"is_daily":false,"rewards_skipped":[],"chose_seed":false,"campfire_upgraded":3,"win_rate":0,"floor_exit_playtime":[103,107,136,147,171,184,228,453,456,465,474,565,634,720,737],"timestamp":1702660908,"path_taken":["M","?","?","M","$","R","M","E","T","R","?","E","M","?","R","BOSS"],"build_version":"2022-12-01","purchased_purges":0,"victory":false,"max_hp_per_floor":[71,71,71,71,71,71,71,71,71,71,71,71,73,73,73,73],"relic_stats":{"Nunchaku":[3],"Singing Bowl":2,"counters":[9,28],"PreservedInsect":0,"Omamori":0,"obtain_stats":[{"Nunchaku":8,"CaptainsWheel":9,"NeowsBlessing":0,"Singing Bowl":2,"PreservedInsect":12,"Omamori":11,"Odd Mushroom":14,"Cracked Core":0},{"Nunchaku":5,"CaptainsWheel":5,"NeowsBlessing":0,"Singing Bowl":1,"PreservedInsect":6,"Omamori":5,"Odd Mushroom":8,"Cracked Core":0},{"Nunchaku":9,"CaptainsWheel":9,"NeowsBlessing":0,"Singing Bowl":1,"PreservedInsect":14,"Omamori":9,"Odd Mushroom":21,"Cracked Core":0}]},"card_choices":[{"not_picked":["Steam Power","Leap"],"picked":"Hologram","floor":1},{"not_picked":["Conserve Battery","Recycle"],"picked":"Streamline","floor":3},{"not_picked":["Sweeping Beam","Rebound"],"picked":"Ball Lightning","floor":4},{"not_picked":["Force Field","Streamline"],"picked":"Rebound","floor":7},{"not_picked":["Undo","Reinforced Body"],"picked":"Hyperbeam","floor":8},{"not_picked":["Double Energy","Fusion"],"picked":"Recycle","floor":12},{"not_picked":["Conserve Battery","Stack","Auto Shields"],"picked":"Singing Bowl","floor":13},{"not_picked":["Compile Driver","Reinforced Body"],"picked":"Beam Cell","floor":14}],"player_experience":49317,"relics_obtained":[{"floor":2,"key":"Singing Bowl"},{"floor":8,"key":"Nunchaku"},{"floor":9,"key":"CaptainsWheel"},{"floor":12,"key":"PreservedInsect"},{"floor":14,"key":"Odd Mushroom"}],"event_choices":[{"damage_healed":0,"gold_gain":0,"player_choice":"Success","damage_taken":5,"relics_obtained":["Omamori"],"max_hp_gain":0,"max_hp_loss":0,"event_name":"Scrap Ooze","floor":11,"gold_loss":0},{"damage_healed":0,"gold_gain":0,"player_choice":"Fought Mushrooms","damage_taken":0,"max_hp_gain":0,"max_hp_loss":0,"event_name":"Mushrooms","floor":14,"gold_loss":0}],"is_beta":false,"boss_relics":[],"items_purged_floors":[],"is_endless":false,"potions_floor_spawned":[12,14],"killed_by":"Hexaghost","ascension_level":20,"potion_discard_per_floor":[[],[],[],[],[],[],[],[],[],[],[],[],[],[],[],[]]}