{"neow_bonuses_skipped_log":["THREE_SMALL_POTIONS","RANDOM_COLORLESS_2","BOSS_RELIC"],"neow_costs_skipped_log":["NONE","CURSE","NONE"],"potions_obtained_entropic_brew":[[],[],[],[],[],[],[],[],[],[],[],[],[],[],[],[],[],[],[],[],[],[],[],[],[],[],[],[],[],[],[],[],[]],"gold_per_floor":[118,136,146,146,120,120,150,150,150,184,199,230,230,260,260,337,337,357,19,19,19,32,32,32,43,43,60,60,71,71,88,88,88],"floor_reached":33,"playtime":2093,"items_purged":[],"score":534,"play_id":"f2d094e1-b106-4089-9587-30e4b93ecb79","local_time":"20231211115909","score_breakdown":["Floors Climbed (33): 165","Enemies Slain (11): 22","Exordium Elites Killed (3): 30","City Elites Killed (0): 0","Bosses Slain (1): 50","Ascension (20): 267"],"is_ascension_mode":true,"potions_obtained_alchemize":[[],[],[],[],[],[],[],[],[],[],[],[],[],[],[],[],[],[],[],[],[],[],[],[],[],[],[],[],[],[],[],[],[]],"campfire_choices":[{"floor":6,"key":"REST"},{"floor":13,"key":"REST"},{"data":"White Noise","floor":15,"key":"SMITH"},{"data":"Aggregate","floor":23,"key":"SMITH"},{"floor":28,"key":"REST"},{"floor":32,"key":"REST"}],"lesson_learned_per_floor":[[],[],[],[],[],[],[],[],[],[],[],[],[],[],[],[],[],[],[],[],[],[],[],[],[],[],[],[],[],[],[],[],[]],"neow_cost":"NONE","improvable_cards":{},"seed_source_timestamp":0,"shop_contents":[{"floor":19,"relics":["Eternal Feather","Sling"],"cards":["Sweeping Beam","Scrape","Leap","BootSequence","Static Discharge+1","Panacea","The Bomb"],"potions":["Strength Potion","DistilledChaos"]}],"circlet_count":0,"master_deck":["AscendersBane","Strike_B+1","Strike_B+1","Strike_B+1","Defend_B+1","Defend_B+1","Defend_B+1","Defend_B+1","Zap+1","Dualcast","Darkness+1","Streamline","Ball Lightning","Sweeping Beam","White Noise+1","Auto Shields","Glacier","Electrodynamics+1","Aggregate+1","Self Repair+1","Hologram","Streamline","Reboot","Reinforced Body","Recycle"],"special_seed":0,"potion_use_per_floor":[[],[],[],[],[],[],[],[],[],["DuplicationPotion"],["LiquidMemories"],["DistilledChaos"],[],[],[],[],[],[],[],[],[],["Ancient Potion"],[],[],[],[],["Swift Potion"],[],[],[],["EssenceOfSteel"],[],[]],"relics":["Cracked Core","Regal Pillow","Art of War","Lantern","Strawberry","Inserter","Frozen Egg 2","Bottled Tornado"],"potions_floor_usage":[10,11,12,22,27,31],"damage_taken":[{"damage":0,"enemies":"Small Slimes","floor":1,"turns":3},{"damage":3,"enemies":"2 Louse","floor":2,"turns":4},{"damage":9,"enemies":"Jaw Worm","floor":3,"turns":3},{"damage":16,"enemies":"Exordium Thugs","floor":5,"turns":4},{"damage":45,"enemies":"3 Sentries","floor":10,"turns":7},{"damage":0,"enemies":"Gremlin Gang","floor":11,"turns":2},{"damage":8,"enemies":"Lagavulin","floor":12,"turns":6},{"damage":30,"enemies":"Gremlin Nob","floor":14,"turns":4},{"damage":15,"enemies":"The Guardian","floor":16,"turns":12},{"damage":23,"enemies":"3 Byrds","floor":18,"turns":4},{"damage":0,"enemies":"Chosen","floor":22,"turns":4},{"damage":0,"enemies":"Centurion and Healer","floor":25,"turns":6},{"damage":5,"enemies":"Snake Plant","floor":27,"turns":3},{"damage":41,"enemies":"Shelled Parasite and Fungi","floor":29,"turns":6},{"damage":9,"enemies":"Centurion and Healer","floor":31,"turns":8},{"damage":78,"enemies":"Automaton","floor":33,"turns":10}],"green_key_taken_log":10,"seed_played":"-6800157170794527342","neow_bonus_log":{"cardsObtained":[],"cardsUpgraded":[],"cardsRemoved":["Strike_B"],"cardsTransformed":[],"relicsObtained":[],"maxHpGained":0,"goldGained":0,"damageTaken":0,"goldLost":0,"maxHpLost":0},"potions_obtained":[{"floor":1,"key":"LiquidMemories"},{"floor":3,"key":"DuplicationPotion"},{"floor":11,"key":"DistilledChaos"},{"floor":14,"key":"Ancient Potion"},{"floor":25,"key":"FearPotion"},{"floor":29,"key":"EssenceOfSteel"},{"floor":31,"key":"FearPotion"}],"is_trial":false,"path_per_floor":["M","M","M","?","M","R","?","?","T","E","M","E","R","E","R","B",null,"M","$","?","?","M","R","?","M","T","M","R","M","?","M","R","B"],"character_chosen":"DEFECT","basemod:card_modifiers":[null,null,null,null,null,null,null,null,null,null,null,null,null,null,null,null,null,null,null,null,null,null,null,null,null],"items_purchased":["Frozen Egg 2","Swift Potion"],"campfire_rested":4,"item_purchase_floors":[19,19],"current_hp_per_floor":[64,61,52,31,15,36,36,59,59,14,14,6,42,19,19,4,60,37,37,37,37,37,37,15,15,15,20,59,28,28,29,68,0],"gold":88,"neow_bonus":"REMOVE_CARD","is_prod":false,"is_daily":false,"rewards_skipped":[],"chose_seed":false,"campfire_upgraded":2,"win_rate":0,"floor_exit_playtime":[118,162,204,214,329,334,344,353,414,576,640,738,742,798,825,1011,1062,1200,1230,1239,1262,1334,1352,1357,1444,1465,1540,1551,1663,1683,1852,1856],"timestamp":1702313949,"blue_key_relic_skipped_log":{"floor":9,"relicID":"Bottled Lightning"},"path_taken":["M","M","M","?","M","R","?","?","T","E","?","E","R","E","R","BOSS","M","$","?","?","?","R","?","?","T","M","R","M","?","?","R","BOSS"],"build_version":"2022-12-01","purchased_purges":0,"victory":false,"max_hp_per_floor":[71,71,71,71,71,71,71,71,71,71,71,71,71,78,78,78,78,78,78,78,78,78,78,83,83,83,83,83,83,83,83,83,83],"relic_stats":{"Regal Pillow":45,"Inserter":[20],"counters":[16,86],"Art of War":[16],"Bottled Tornado":"Electrodynamics","obtain_stats":[{"Regal Pillow":7,"Lantern":12,"Inserter":17,"Strawberry":14,"Art of War":10,"Frozen Egg 2":19,"Bottled Tornado":26,"Cracked Core":0},{"Regal Pillow":4,"Lantern":7,"Inserter":9,"Strawberry":8,"Art of War":5,"Frozen Egg 2":10,"Bottled Tornado":12,"Cracked Core":0},{"Regal Pillow":14,"Lantern":29,"Inserter":45,"Strawberry":33,"Art of War":21,"Frozen Egg 2":49,"Bottled Tornado":59,"Cracked Core":0}]},"card_choices":[{"not_picked":["Barrage","Leap"],"picked":"Darkness","floor":1},{"not_picked":["Recycle","Conserve Battery"],"picked":"Streamline","floor":2},{"not_picked":["Rebound","Cold Snap"],"picked":"Ball Lightning","floor":3},{"not_picked":["Chaos","Sunder"],"picked":"Sweeping Beam","floor":5},{"not_picked":["Storm","Cold Snap","Lockon"],"picked":"SKIP","floor":10},{"not_picked":["Heatsinks","Barrage"],"picked":"White Noise","floor":11},{"not_picked":["Consume","Multi-Cast"],"picked":"Auto Shields","floor":12},{"not_picked":["Lockon","Rebound"],"picked":"Glacier","floor":14},{"not_picked":["Meteor Strike","Hyperbeam"],"picked":"Electrodynamics","floor":16},{"not_picked":["Streamline","FTL","Sweeping Beam"],"picked":"SKIP","floor":18},{"not_picked":["Hologram","Tempest"],"picked":"Aggregate","floor":22},{"not_picked":["Rip and Tear","Rebound"],"picked":"Self Repair+1","floor":25},{"not_picked":["Barrage","Aggregate"],"picked":"Hologram","floor":27},{"not_picked":["Doom and Gloom","Chaos","Conserve Battery"],"picked":"SKIP","floor":29},{"not_picked":["Tempest","Static Discharge+1"],"picked":"Recycle","floor":31}],"player_experience":115036,"relics_obtained":[{"floor":10,"key":"Art of War"},{"floor":12,"key":"Lantern"},{"floor":14,"key":"Strawberry"},{"floor":26,"key":"Bottled Tornado"}],"event_choices":[{"damage_healed":0,"gold_gain":0,"player_choice":"Entered Light","damage_taken":21,"max_hp_gain":0,"max_hp_loss":0,"event_name":"Shining Light","floor":4,"gold_loss":0,"cards_upgraded":["Zap","Darkness"]},{"damage_healed":0,"gold_gain":30,"player_choice":"Searched \u00273\u0027 times","damage_taken":0,"relics_obtained":["Regal Pillow"],"max_hp_gain":0,"max_hp_loss":0,"event_name":"Dead Adventurer","floor":7,"gold_loss":0},{"damage_healed":23,"gold_gain":0,"player_choice":"Banana","damage_taken":0,"max_hp_gain":0,"max_hp_loss":0,"event_name":"Big Fish","floor":8,"gold_loss":0},{"damage_healed":0,"gold_gain":0,"player_choice":"Simplicity","damage_taken":0,"max_hp_gain":0,"max_hp_loss":0,"event_name":"Back to Basics","floor":20,"gold_loss":0,"cards_upgraded":["Strike_B","Strike_B","Strike_B","Defend_B","Defend_B","Defend_B","Defend_B"]},{"damage_healed":0,"gold_gain":0,"player_choice":"Forge","damage_taken":0,"max_hp_gain":0,"max_hp_loss":0,"event_name":"Accursed Blacksmith","floor":21,"gold_loss":0,"cards_upgraded":["Electrodynamics"]},{"damage_healed":0,"gold_gain":0,"player_choice":"Shed Blood","damage_taken":27,"max_hp_gain":5,"max_hp_loss":0,"event_name":"Forgotten Altar","floor":24,"gold_loss":0},{"damage_healed":0,"gold_gain":0,"player_choice":"3 cards matched","damage_taken":0,"max_hp_gain":0,"max_hp_loss":0,"event_name":"Match and Keep!","floor":30,"gold_loss":0,"cards_obtained":["Streamline","Reboot","Reinforced Body"]}],"is_beta":false,"boss_relics":[{"not_picked":["Snecko Eye","Busted Crown"],"picked":"Inserter"}],"items_purged_floors":[],"is_endless":false,"potions_floor_spawned":[1,3,11,14,25,29,31],"killed_by":"Automaton","ascension_level":20,"potion_discard_per_floor":[[],[],[],[],[],[],[],[],[],[],[],[],[],[],[],[],[],[],[],[],[],[],[],[],[],[],[],[],[],[],[],[],[]]}