{"neow_bonuses_skipped_log":["UPGRADE_CARD","RANDOM_COLORLESS_2","BOSS_RELIC"],"potions_obtained_entropic_brew":[[],[],[],[],[],[],[],[],[],[],[],[],[],[],[],[],[],[],[],[],[],[],[],[],[],[],[],[],[],[],[],[],[],[],[],[],[],[],[],[],[],[],[],[],[],[],[],[],[],["Weak Potion","Weak Potion","DuplicationPotion"],[]],"neow_costs_skipped_log":["NONE","PERCENT_DAMAGE","NONE"],"gold_per_floor":[111,126,141,154,154,189,189,218,243,256,273,273,273,298,298,375,375,391,226,245,264,282,282,296,314,314,314,340,340,367,378,378,455,455,472,492,268,282,293,293,320,320,345,390,402,434,446,471,483,495,507],"floor_reached":51,"playtime":5284,"items_purged":["Strike_B","Redo"],"score":1646,"play_id":"325ef735-565d-4247-80b0-48eeb0c7d697","local_time":"20231216233200","score_breakdown":["Floors Climbed (51): 255","Enemies Slain (19): 38","Exordium Elites Killed (3): 30","City Elites Killed (2): 40","Beyond Elites Killed (2): 60","Bosses Slain (3): 300","Champion (3): 75","Overkill: 25","Ascension (20): 823"],"is_ascension_mode":true,"potions_obtained_alchemize":[[],[],[],[],[],[],[],[],[],[],[],[],[],[],[],[],[],[],[],[],[],[],[],[],[],[],[],[],[],[],[],[],[],[],[],[],[],[],[],[],[],[],[],[],[],[],[],[],[],[],[]],"campfire_choices":[{"floor":7.0,"key":"REST"},{"data":"Defragment","floor":13.0,"key":"SMITH"},{"data":"Coolheaded","floor":15.0,"key":"SMITH"},{"data":"Defragment","floor":23.0,"key":"SMITH"},{"floor":27.0,"key":"REST"},{"data":"Recycle","floor":32.0,"key":"SMITH"},{"data":"Coolheaded","floor":40,"key":"SMITH"},{"data":"Capacitor","floor":42,"key":"SMITH"},{"floor":45,"key":"RECALL"},{"floor":49,"key":"REST"}],"lesson_learned_per_floor":[[],[],[],[],[],[],[],[],[],[],[],[],[],[],[],[],[],[],[],[],[],[],[],[],[],[],[],[],[],[],[],[],[],[],[],[],[],[],[],[],[],[],[],[],[],[],[],[],[],[],[]],"neow_cost":"NONE","improvable_cards":{"Genetic Algorithm+1":[16]},"seed_source_timestamp":0,"shop_contents":[{"floor":19,"relics":["Toxic Egg 2","Mercury Hourglass","Lee\u0027s Waffle"],"cards":["Sweeping Beam","Rip and Tear","Steam","Reprogram","Jack Of All Trades","Transmutation"],"potions":["Dexterity Potion","PowerPotion","EssenceOfDarkness"]},{"floor":37,"relics":["Turnip","Strawberry","Sling"],"cards":["Cold Snap","Blizzard","Fission","Steam","Defragment","Blind","Thinking Ahead"],"potions":["Weak Potion","Explosive Potion","FocusPotion"]}],"circlet_count":0,"master_deck":["AscendersBane","Zap+1","Dualcast","Coolheaded+1","Ball Lightning","Gash","Defragment+1","Conserve Battery","Reinforced Body","Electrodynamics","Glacier","Defragment+1","Recycle+1","Gash","Biased Cognition","BootSequence","Coolheaded+1","Doom and Gloom","Reboot","Sweeping Beam","Redo","Double Energy","Tempest","Chaos","Buffer","Double Energy","Force Field","Genetic Algorithm+1","Capacitor+1","PanicButton","Self Repair","Compile Driver+1","Fusion+1","Purity"],"special_seed":0,"potion_use_per_floor":[[],[],[],[],[],["Strength Potion"],[],["SpeedPotion"],[],[],[],[],[],[],[],[],[],[],[],[],["LiquidBronze"],[],[],[],[],[],[],["Block Potion"],[],[],[],[],[],[],[],[],[],["EssenceOfSteel"],[],[],["Swift Potion"],[],[],["ColorlessPotion"],[],["EssenceOfSteel"],[],["Swift Potion","SpeedPotion"],[],["Strength Potion","EntropicBrew","Weak Potion","Weak Potion"],["BlessingOfTheForge"]],"relics":["Cracked Core","Potion Belt","Letter Opener","Cables","Ancient Tea Set","Akabeko","Runic Pyramid","Prayer Wheel","The Courier","Pandora\u0027s Box","Dream Catcher","MawBank","StrikeDummy"],"potions_floor_usage":[38,41,44,46,48,48,50,50,50,50,51],"damage_taken":[{"damage":0.0,"enemies":"2 Louse","floor":1.0,"turns":3.0},{"damage":0.0,"enemies":"Small Slimes","floor":2.0,"turns":3.0},{"damage":0.0,"enemies":"Cultist","floor":3.0,"turns":4.0},{"damage":9.0,"enemies":"Blue Slaver","floor":4.0,"turns":3.0},{"damage":31.0,"enemies":"Gremlin Nob","floor":6.0,"turns":4.0},{"damage":3.0,"enemies":"Lagavulin","floor":8.0,"turns":7.0},{"damage":4.0,"enemies":"Exordium Wildlife","floor":10.0,"turns":3.0},{"damage":5.0,"enemies":"3 Louse","floor":11.0,"turns":2.0},{"damage":8.0,"enemies":"Gremlin Nob","floor":14.0,"turns":3.0},{"damage":2.0,"enemies":"The Guardian","floor":16.0,"turns":10.0},{"damage":7.0,"enemies":"Spheric Guardian","floor":18.0,"turns":4.0},{"damage":9.0,"enemies":"2 Thieves","floor":20.0,"turns":3.0},{"damage":9.0,"enemies":"Snake Plant","floor":21.0,"turns":3.0},{"damage":0.0,"enemies":"Snecko","floor":22.0,"turns":5.0},{"damage":11.0,"enemies":"3 Cultists","floor":24.0,"turns":4.0},{"damage":0.0,"enemies":"Chosen and Byrds","floor":25.0,"turns":6.0},{"damage":0.0,"enemies":"Slavers","floor":28.0,"turns":3.0},{"damage":4.0,"enemies":"Book of Stabbing","floor":30.0,"turns":5.0},{"damage":0.0,"enemies":"Snecko","floor":31.0,"turns":4.0},{"damage":7.0,"enemies":"Champ","floor":33.0,"turns":11.0},{"damage":0,"enemies":"Orb Walker","floor":35,"turns":4},{"damage":0,"enemies":"3 Darklings","floor":36,"turns":2},{"damage":0,"enemies":"Jaw Worm Horde","floor":38,"turns":2},{"damage":6,"enemies":"Writhing Mass","floor":39,"turns":5},{"damage":0,"enemies":"Nemesis","floor":41,"turns":5},{"damage":0,"enemies":"Reptomancer","floor":44,"turns":5},{"damage":19,"enemies":"Sphere and 2 Shapes","floor":46,"turns":5},{"damage":18,"enemies":"Jaw Worm Horde","floor":48,"turns":3},{"damage":43,"enemies":"Awakened One","floor":50,"turns":15},{"damage":27,"enemies":"Donu and Deca","floor":51,"turns":6}],"green_key_taken_log":14,"seed_played":"1907175391040913161","neow_bonus_log":{"cardsObtained":[],"cardsUpgraded":[],"cardsRemoved":[],"cardsTransformed":[],"relicsObtained":["Potion Belt"],"maxHpGained":0,"goldGained":0,"damageTaken":0,"goldLost":0,"maxHpLost":0},"potions_obtained":[{"floor":2.0,"key":"SpeedPotion"},{"floor":4.0,"key":"Strength Potion"},{"floor":10.0,"key":"LiquidBronze"},{"floor":14.0,"key":"Swift Potion"},{"floor":20.0,"key":"Block Potion"},{"floor":28.0,"key":"EssenceOfSteel"},{"floor":31.0,"key":"SpeedPotion"},{"floor":33.0,"key":"ColorlessPotion"},{"floor":39,"key":"BlessingOfTheForge"},{"floor":41,"key":"EssenceOfSteel"},{"floor":44,"key":"Strength Potion"},{"floor":46,"key":"Swift Potion"},{"floor":48,"key":"EntropicBrew"}],"is_trial":false,"path_per_floor":["M","M","M","M","?","E","R","E","T","M","M","?","R","E","R","B",null,"M","$","M","M","M","R","M","M","T","R","E","?","E","M","R","B",null,"M","M","$","M","M","R","E","R","T","E","R","M","?","M","R","B","B"],"character_chosen":"DEFECT","basemod:card_modifiers":[null,null,null,null,null,null,null,null,null,null,null,null,null,null,null,null,null,null,null,null,null,null,null,null,null,null,null,null,null,null,null,null,null,null],"items_purchased":["Defragment","Capacitor","PanicButton"],"campfire_rested":3,"item_purchase_floors":[19,37,37],"current_hp_per_floor":[64,64,64,55,55,24,45,42,42,38,33,56,56,48,48,46,65,58,58,49,40,40,40,29,29,29,50,50,50,46,46,46,39,63,63,63,63,63,57,57,64,64,64,71,71,52,52,34,55,19,0],"gold":507,"neow_bonus":"RANDOM_COMMON_RELIC","is_prod":false,"is_daily":false,"rewards_skipped":[],"chose_seed":false,"campfire_upgraded":6,"win_rate":0,"floor_exit_playtime":[225,305,356,423,433,481,490,585,625,667,729,735,743,799,815,999,1083,1259,1302,1360,1430,1553,1568,1659,1840,1842,1855,1940,1981,2152,2240,2252,2472,2523,2669,2805,2958,3156,3317,3353,3595,3621,3628,3847,3856,4163,4173,4273,4287,4927],"timestamp":1702787520,"blue_key_relic_skipped_log":{"floor":26,"relicID":"Boot"},"path_taken":["M","M","M","M","?","E","R","E","T","?","M","?","R","E","R","BOSS","M","$","M","M","M","R","M","M","T","R","E","?","E","M","R","BOSS","M","M","$","M","M","R","E","R","T","E","R","M","?","M","R","BOSS","BOSS"],"build_version":"2022-12-01","purchased_purges":2,"victory":false,"max_hp_per_floor":[71,71,71,71,71,71,71,71,71,71,71,71,71,71,71,71,71,71,71,71,71,71,71,71,71,71,71,71,71,71,71,71,71,71,71,71,71,71,71,71,71,71,71,71,71,71,71,71,71,71,71],"relic_stats":{"Dream Catcher":1,"counters":[30,142],"Prayer Wheel":7,"Pandora\u0027s Box":["Sweeping Beam","Redo","Double Energy","Tempest","Chaos","Buffer","Double Energy"],"The Courier":56,"Letter Opener":[348],"Ancient Tea Set":[18],"MawBank":96,"obtain_stats":[{"Potion Belt":0,"The Courier":30,"Letter Opener":6,"Ancient Tea Set":9,"MawBank":43,"Akabeko":14,"Cables":8,"Dream Catcher":41,"Prayer Wheel":28,"Pandora\u0027s Box":34,"Cracked Core":0,"StrikeDummy":44,"Runic Pyramid":17},{"Potion Belt":0,"The Courier":18,"Letter Opener":5,"Ancient Tea Set":6,"MawBank":25,"Akabeko":9,"Cables":6,"Dream Catcher":25,"Prayer Wheel":17,"Pandora\u0027s Box":20,"Cracked Core":0,"StrikeDummy":26,"Runic Pyramid":10},{"Potion Belt":0,"The Courier":75,"Letter Opener":17,"Ancient Tea Set":24,"MawBank":108,"Akabeko":32,"Cables":24,"Dream Catcher":108,"Prayer Wheel":70,"Pandora\u0027s Box":90,"Cracked Core":0,"StrikeDummy":113,"Runic Pyramid":42}],"Cables":[105,54,36,11,4]},"card_choices":[{"not_picked":["Leap","Beam Cell"],"picked":"Coolheaded","floor":1.0},{"not_picked":["Gash","Consume"],"picked":"Redo","floor":2.0},{"not_picked":["Conserve Battery","Streamline"],"picked":"Ball Lightning","floor":3.0},{"not_picked":["Stack","Turbo"],"picked":"Gash","floor":4.0},{"not_picked":["Redo","Consume","Meteor Strike"],"picked":"SKIP","floor":6.0},{"not_picked":["Chill","Static Discharge"],"picked":"Defragment","floor":8.0},{"not_picked":["Sweeping Beam","Coolheaded"],"picked":"Conserve Battery","floor":10.0},{"not_picked":["Stack","Steam Power"],"picked":"Reinforced Body","floor":11.0},{"not_picked":["Consume","Go for the Eyes","Conserve Battery"],"picked":"SKIP","floor":14.0},{"not_picked":["Amplify","Machine Learning"],"picked":"Electrodynamics","floor":16.0},{"not_picked":["Hologram","Steam"],"picked":"Glacier","floor":18.0},{"not_picked":["Turbo","Cold Snap"],"picked":"Recycle","floor":20.0},{"not_picked":["Fusion","Chill"],"picked":"Gash","floor":21.0},{"not_picked":["Rebound","Coolheaded"],"picked":"Biased Cognition","floor":22.0},{"not_picked":["Redo","Turbo"],"picked":"BootSequence","floor":24.0},{"not_picked":["Steam","Compile Driver"],"picked":"Coolheaded","floor":25.0},{"not_picked":["Ball Lightning","Recycle","Hello World"],"picked":"SKIP","floor":28.0},{"not_picked":["Beam Cell","Conserve Battery","Gash"],"picked":"SKIP","floor":30.0},{"not_picked":["Blizzard","Conserve Battery"],"picked":"Doom and Gloom","floor":31.0},{"not_picked":["Consume","Barrage","Blizzard"],"picked":"SKIP","floor":31.0},{"not_picked":["Machine Learning","All For One"],"picked":"Reboot","floor":33.0},{"not_picked":["Streamline","Glacier"],"picked":"Force Field","floor":35},{"not_picked":["Stack+1","Chaos","Streamline"],"picked":"SKIP","floor":35},{"not_picked":["Gash","Blizzard"],"picked":"Genetic Algorithm+1","floor":36},{"not_picked":["Doom and Gloom","Chill","Steam"],"picked":"SKIP","floor":36},{"not_picked":["Rip and Tear+1","Hello World+1","Rebound+1"],"picked":"SKIP","floor":38},{"not_picked":["Beam Cell","Hello World+1","Fusion"],"picked":"SKIP","floor":38},{"not_picked":["Darkness","Aggregate"],"picked":"Self Repair","floor":39},{"not_picked":["Storm","Turbo","Barrage+1"],"picked":"SKIP","floor":39},{"not_picked":["Go for the Eyes+1","Darkness"],"picked":"Compile Driver+1","floor":41},{"not_picked":["Reinforced Body","Fusion+1","Hologram"],"picked":"SKIP","floor":44},{"not_picked":["Reinforced Body","Hologram"],"picked":"Fusion+1","floor":44},{"not_picked":["Cold Snap","White Noise+1","Redo"],"picked":"SKIP","floor":46},{"not_picked":["Beam Cell+1","Loop","Static Discharge"],"picked":"SKIP","floor":46},{"not_picked":["Cold Snap","White Noise+1","Redo"],"picked":"SKIP","floor":46},{"not_picked":["Beam Cell+1","Loop","Static Discharge"],"picked":"SKIP","floor":46},{"not_picked":["Jack Of All Trades","Panacea"],"picked":"Purity","floor":47},{"not_picked":["Stack+1","Undo","Reboot"],"picked":"SKIP","floor":48},{"not_picked":["Gash+1","Hello World","Go for the Eyes+1"],"picked":"SKIP","floor":48}],"player_experience":50222,"relics_obtained":[{"floor":6.0,"key":"Letter Opener"},{"floor":8.0,"key":"Cables"},{"floor":9.0,"key":"Ancient Tea Set"},{"floor":14.0,"key":"Akabeko"},{"floor":28.0,"key":"Prayer Wheel"},{"floor":30.0,"key":"The Courier"},{"floor":41,"key":"Dream Catcher"},{"floor":43,"key":"MawBank"},{"floor":44,"key":"StrikeDummy"}],"event_choices":[{"damage_healed":0.0,"max_hp_gain":0.0,"max_hp_loss":0.0,"gold_gain":0.0,"event_name":"Living Wall","player_choice":"Grow","floor":5.0,"gold_loss":0.0,"damage_taken":0.0,"cards_upgraded":["Zap"]},{"damage_healed":23.0,"max_hp_gain":0.0,"max_hp_loss":0.0,"gold_gain":0.0,"event_name":"Big Fish","player_choice":"Banana","floor":12.0,"gold_loss":0.0,"damage_taken":0.0},{"damage_healed":0.0,"max_hp_gain":0.0,"max_hp_loss":0.0,"gold_gain":0.0,"event_name":"FaceTrader","player_choice":"Leave","floor":29.0,"gold_loss":0.0,"damage_taken":0.0},{"damage_healed":0,"gold_gain":0,"player_choice":"Memory 1","damage_taken":0,"max_hp_gain":0,"max_hp_loss":0,"event_name":"SensoryStone","floor":47,"gold_loss":0}],"is_beta":false,"boss_relics":[{"not_picked":["Calling Bell","SacredBark"],"picked":"Runic Pyramid"},{"not_picked":["FrozenCore","Empty Cage"],"picked":"Pandora\u0027s Box"}],"items_purged_floors":[19,37],"is_endless":false,"potions_floor_spawned":[2,4,10,14,20,28,31,33,39,41,44,46,48],"killed_by":"Donu and Deca","ascension_level":20,"potion_discard_per_floor":[[],[],[],[],[],[],[],[],[],[],[],[],[],[],[],[],[],[],[],[],[],[],[],[],[],[],[],[],[],[],[],[],[],[],[],[],[],[],[],[],[],[],[],[],[],[],[],[],[],[],[]]}