{"neow_bonuses_skipped_log":["THREE_ENEMY_KILL"],"potions_obtained_entropic_brew":[[],[],[],[],[],[],[],[],[],[],[],[],[],[],[],[],[],[],[],[],[],[],[],[],[],[],[],[],[],[],[],[],[]],"neow_costs_skipped_log":["NONE"],"gold_per_floor":[112,112,128,147,69,104,104,134,181,181,214,228,257,257,257,347,347,361,361,381,431,115,115,156,156,156,156,187,208,12,33,33,33],"floor_reached":33,"playtime":3807,"items_purged":["Strike_B"],"score":672,"play_id":"8378870d-dd46-446e-9554-25541e1f578e","local_time":"20240108214103","score_breakdown":["Floors Climbed (33): 165","Enemies Slain (8): 16","Exordium Elites Killed (4): 40","City Elites Killed (2): 40","Bosses Slain (1): 50","Champion (1): 25","Ascension (20): 336"],"is_ascension_mode":true,"potions_obtained_alchemize":[[],[],[],[],[],[],[],[],[],[],[],[],[],[],[],[],[],[],[],[],[],[],[],[],[],[],[],[],[],[],[],[],[]],"campfire_choices":[{"data":"Beam Cell","floor":7.0,"key":"SMITH"},{"data":"Skim","floor":15.0,"key":"SMITH"},{"data":"Hyperbeam","floor":23.0,"key":"SMITH"},{"data":"Heatsinks","floor":27,"key":"SMITH"},{"data":"Apotheosis","floor":32,"key":"SMITH"}],"lesson_learned_per_floor":[[],[],[],[],[],[],[],[],[],[],[],[],[],[],[],[],[],[],[],[],[],[],[],[],[],[],[],[],[],[],[],[],[]],"neow_cost":"NONE","improvable_cards":{},"seed_source_timestamp":469431641539542,"shop_contents":[{"floor":5,"relics":["Pen Nib","DataDisk","Runic Capacitor"],"cards":["Sunder","Auto Shields","Redo","Storm","Dark Shackles","Chrysalis"],"potions":["ColorlessPotion","DuplicationPotion"]},{"floor":22,"relics":["CeramicFish","TheAbacus"],"cards":["FTL","Go for the Eyes","Double Energy","Hologram","Swift Strike","Chrysalis"],"potions":["Energy Potion","LiquidMemories","ColorlessPotion"]},{"floor":25,"relics":["Regal Pillow","Toy Ornithopter","ClockworkSouvenir"],"cards":["Sweeping Beam","FTL","Amplify","Hologram","Storm","Discovery","Magnetism"],"potions":["Ancient Potion","DuplicationPotion","Fire Potion"]},{"floor":30,"relics":["Omamori","MealTicket","HandDrill"],"cards":["Melter","Go for the Eyes","Multi-Cast","Coolheaded","Static Discharge","Blind"],"potions":["Energy Potion","LiquidMemories","AttackPotion"]}],"circlet_count":0,"master_deck":["AscendersBane","Strike_B","Strike_B","Strike_B","Defend_B","Defend_B","Defend_B","Zap","Dualcast","Glacier","Streamline","Beam Cell+1","Cold Snap","Self Repair","Skim+1","Hyperbeam+1","Echo Form","Ghostly","Ghostly","Ghostly","Hologram","Heatsinks+1","White Noise","Chill+1","Apotheosis+1","Coolheaded"],"special_seed":0,"potion_use_per_floor":[[],[],[],[],[],["LiquidBronze"],[],["AttackPotion"],[],[],["Block Potion"],[],[],[],[],[],[],[],[],["Swift Potion"],[],[],[],[],[],[],[],["Energy Potion"],[],[],[],[],["Dexterity Potion"]],"relics":["Cracked Core","Vajra","Question Card","Happy Flower","Bronze Scales","Golden Idol","Cursed Key","PreservedInsect","Mango","Art of War"],"potions_floor_usage":[28,33],"damage_taken":[{"damage":0.0,"enemies":"2 Louse","floor":1.0,"turns":3.0},{"damage":1.0,"enemies":"Jaw Worm","floor":3.0,"turns":3.0},{"damage":0.0,"enemies":"Cultist","floor":4.0,"turns":3.0},{"damage":13.0,"enemies":"3 Sentries","floor":6.0,"turns":9.0},{"damage":11.0,"enemies":"Gremlin Nob","floor":8.0,"turns":3.0},{"damage":14.0,"enemies":"Lagavulin","floor":11.0,"turns":6.0},{"damage":0.0,"enemies":"Looter","floor":12.0,"turns":2.0},{"damage":14.0,"enemies":"3 Sentries","floor":13.0,"turns":11.0},{"damage":15.0,"enemies":"The Guardian","floor":16.0,"turns":14.0},{"damage":2.0,"enemies":"Spheric Guardian","floor":18.0,"turns":7.0},{"damage":1.0,"enemies":"3 Byrds","floor":20.0,"turns":3.0},{"damage":0.0,"enemies":"Book of Stabbing","floor":24.0,"turns":7.0},{"damage":13,"enemies":"Slavers","floor":28,"turns":6},{"damage":2,"enemies":"Snecko","floor":29,"turns":7},{"damage":0,"enemies":"Chosen and Byrds","floor":31,"turns":5},{"damage":54,"enemies":"Collector","floor":33,"turns":6}],"seed_played":"6672404392664555127","neow_bonus_log":{"cardsObtained":[],"cardsUpgraded":[],"cardsRemoved":[],"cardsTransformed":[],"relicsObtained":[],"maxHpGained":7,"goldGained":0,"damageTaken":0,"goldLost":0,"maxHpLost":0},"potions_obtained":[{"floor":3.0,"key":"LiquidBronze"},{"floor":6.0,"key":"AttackPotion"},{"floor":8.0,"key":"Block Potion"},{"floor":12.0,"key":"Energy Potion"},{"floor":24.0,"key":"Dexterity Potion"}],"is_trial":false,"path_per_floor":["M","?","M","M","$","E","R","E","T","?","E","M","E","?","R","B",null,"M","?","M","?","$","R","E","$","T","R","E","M","$","M","R","B"],"character_chosen":"DEFECT","basemod:card_modifiers":[null,null,null,null,null,null,null,null,null,null,null,null,null,null,null,null,null,null,null,null,null,null,null,null,null,null],"items_purchased":["Cold Snap","Swift Potion","PreservedInsect","Heatsinks","Apotheosis"],"campfire_rested":0,"item_purchase_floors":[5,5,22,22,30],"current_hp_per_floor":[71,64,63,63,63,50,50,46,46,72,65,65,58,31,31,23,64,76,39,38,38,38,38,53,53,53,53,53,53,53,53,53,0],"gold":33,"neow_bonus":"TEN_PERCENT_HP_BONUS","is_prod":false,"is_daily":false,"rewards_skipped":[{"floor":18,"relics":[],"potions":["PowerPotion"]}],"chose_seed":false,"campfire_upgraded":5,"win_rate":0,"floor_exit_playtime":[123,142,185,245,386,557,589,733,746,759,927,971,1161,1178,1254,1517,1741,2073,2083,2214,2220,2269,2320,2438,2480,2484,2509,2691,3284,3309,3459,3585],"timestamp":1704768063,"blue_key_relic_skipped_log":{"floor":9,"relicID":"Juzu Bracelet"},"path_taken":["M","?","M","M","$","E","R","E","T","?","E","M","E","?","R","BOSS","M","?","M","?","$","R","E","?","T","R","E","M","$","M","R","BOSS"],"build_version":"2022-12-01","purchased_purges":1,"victory":false,"max_hp_per_floor":[78,78,78,78,78,78,78,78,78,78,78,78,78,78,78,78,78,78,39,39,39,39,39,53,53,53,53,53,53,53,53,53,53],"relic_stats":{"Happy Flower":[22],"counters":[16,95],"Golden Idol":47,"Bronze Scales":[232],"PreservedInsect":83,"Art of War":[5],"Question Card":10,"Cursed Key":0,"obtain_stats":[{"Happy Flower":11,"Golden Idol":14,"Bronze Scales":13,"Vajra":6,"Mango":24,"PreservedInsect":22,"Art of War":28,"Cracked Core":0,"Question Card":8,"Cursed Key":17},{"Happy Flower":6,"Golden Idol":8,"Bronze Scales":8,"Vajra":4,"Mango":12,"PreservedInsect":11,"Art of War":13,"Cracked Core":0,"Question Card":5,"Cursed Key":9},{"Happy Flower":27,"Golden Idol":40,"Bronze Scales":40,"Vajra":18,"Mango":71,"PreservedInsect":64,"Art of War":77,"Cracked Core":0,"Question Card":21,"Cursed Key":54}]},"card_choices":[{"not_picked":["Conserve Battery","Rebound"],"picked":"Glacier","floor":1.0},{"not_picked":["Redo","Stack"],"picked":"Streamline","floor":3.0},{"not_picked":["Barrage","Darkness"],"picked":"Beam Cell","floor":4.0},{"not_picked":["Compile Driver","Scrape"],"picked":"Self Repair","floor":6.0},{"not_picked":["Scrape","Consume","Force Field"],"picked":"SKIP","floor":8.0},{"not_picked":["Stack","Glacier","Chaos","Static Discharge"],"picked":"SKIP","floor":11.0},{"not_picked":["Creative AI","Turbo","Steam"],"picked":"Skim","floor":12.0},{"not_picked":["Steam","Go for the Eyes","Loop"],"picked":"Hyperbeam","floor":13.0},{"not_picked":["Creative AI","Electrodynamics","Amplify"],"picked":"Echo Form","floor":16.0},{"not_picked":["Ball Lightning+1","Beam Cell","Rip and Tear","Redo"],"picked":"SKIP","floor":18.0},{"not_picked":["Ball Lightning+1","Beam Cell","Rip and Tear","Redo"],"picked":"SKIP","floor":18.0},{"not_picked":["Ball Lightning+1","Beam Cell","Rip and Tear","Redo"],"picked":"SKIP","floor":18.0},{"not_picked":["Undo","Loop","Ball Lightning"],"picked":"Hologram","floor":20.0},{"not_picked":["Tempest","Go for the Eyes","Redo","Stack"],"picked":"SKIP","floor":24.0},{"not_picked":["Tempest","Go for the Eyes","Redo","Stack"],"picked":"SKIP","floor":24.0},{"not_picked":["Force Field","Stack+1","Beam Cell"],"picked":"White Noise","floor":28},{"not_picked":["Leap","Barrage","Gash+1"],"picked":"Chill+1","floor":29},{"not_picked":["Reboot","Steam","Cold Snap"],"picked":"Coolheaded","floor":31}],"player_experience":116394,"relics_obtained":[{"floor":6.0,"key":"Vajra"},{"floor":8.0,"key":"Question Card"},{"floor":11.0,"key":"Happy Flower"},{"floor":13.0,"key":"Bronze Scales"},{"floor":24.0,"key":"Mango"},{"floor":28,"key":"Art of War"}],"event_choices":[{"cards_removed":["Defend_B"],"damage_healed":0.0,"max_hp_gain":0.0,"max_hp_loss":0.0,"gold_gain":0.0,"event_name":"Golden Wing","player_choice":"Card Removal","floor":2.0,"gold_loss":0.0,"damage_taken":7.0},{"damage_healed":26.0,"max_hp_gain":0.0,"max_hp_loss":0.0,"gold_gain":0.0,"event_name":"Big Fish","player_choice":"Banana","floor":10.0,"gold_loss":0.0,"damage_taken":0.0},{"damage_healed":0.0,"max_hp_gain":0.0,"max_hp_loss":0.0,"gold_gain":0.0,"event_name":"Golden Idol","player_choice":"Take Damage","floor":14.0,"gold_loss":0.0,"damage_taken":27.0,"relics_obtained":["Golden Idol"]},{"damage_healed":0.0,"max_hp_gain":0.0,"max_hp_loss":39.0,"gold_gain":0.0,"event_name":"Ghosts","player_choice":"Became a Ghost","floor":19.0,"gold_loss":0.0,"damage_taken":0.0,"cards_obtained":["Ghostly","Ghostly","Ghostly"]},{"damage_healed":0.0,"max_hp_gain":0.0,"max_hp_loss":0.0,"gold_gain":50.0,"event_name":"Nest","player_choice":"Stole From Cult","floor":21.0,"gold_loss":0.0,"damage_taken":0.0}],"is_beta":false,"boss_relics":[{"not_picked":["Velvet Choker","Pandora\u0027s Box"],"picked":"Cursed Key"}],"items_purged_floors":[22],"is_endless":false,"potions_floor_spawned":[3,6,8,12,18,24],"killed_by":"Collector","ascension_level":20,"potion_discard_per_floor":[[],[],[],[],[],[],[],[],[],[],[],[],[],[],[],[],[],[],[],[],[],[],[],[],[],[],[],[],[],[],[],[],[]]}