{"neow_bonuses_skipped_log":["UPGRADE_CARD","THREE_SMALL_POTIONS","BOSS_RELIC"],"neow_costs_skipped_log":["NONE","NONE","NONE"],"potions_obtained_entropic_brew":[[],[],[],[],[],[],[],[],[],[],[],[],[],[],[],[]],"gold_per_floor":[114,130,146,146,146,146,182,182,205,223,241,166,185,204,204,204],"floor_reached":16,"playtime":1159,"items_purged":["Strike_B"],"score":208,"play_id":"a78e1a22-2470-4906-81dc-003ab30d1b4f","local_time":"20240120212508","score_breakdown":["Floors Climbed (16): 80","Enemies Slain (7): 14","Exordium Elites Killed (1): 10","Bosses Slain (0): 0","Ascension (20): 104"],"is_ascension_mode":true,"potions_obtained_alchemize":[[],[],[],[],[],[],[],[],[],[],[],[],[],[],[],[]],"campfire_choices":[{"data":"Streamline","floor":6.0,"key":"SMITH"},{"data":"Zap","floor":8.0,"key":"SMITH"},{"data":"Go for the Eyes","floor":15,"key":"SMITH"}],"lesson_learned_per_floor":[[],[],[],[],[],[],[],[],[],[],[],[],[],[],[],[]],"neow_cost":"PERCENT_DAMAGE","improvable_cards":{},"seed_source_timestamp":27381624397458,"shop_contents":[{"floor":12,"relics":["Symbiotic Virus","Mummified Hand","Lee\u0027s Waffle"],"cards":["Ball Lightning","Sunder","Stack","Leap","Hello World","Purity","Transmutation"],"potions":["EssenceOfSteel","Explosive Potion","Block Potion"]}],"circlet_count":0,"master_deck":["AscendersBane","Strike_B","Strike_B","Strike_B","Defend_B","Defend_B+1","Defend_B","Defend_B","Zap+1","Dualcast","All For One","Streamline+1","Cold Snap","Self Repair","Turbo+1","Gash","Go for the Eyes+1","Rebound"],"special_seed":0,"potion_use_per_floor":[[],[],[],[],[],[],["BlessingOfTheForge"],[],[],[],[],[],["ColorlessPotion"],[],[],["FearPotion"]],"relics":["Cracked Core","Golden Idol","PreservedInsect","War Paint"],"potions_floor_usage":[13,16],"damage_taken":[{"damage":3.0,"enemies":"2 Louse","floor":1.0,"turns":2.0},{"damage":8.0,"enemies":"Small Slimes","floor":2.0,"turns":3.0},{"damage":0.0,"enemies":"Cultist","floor":3.0,"turns":3.0},{"damage":27.0,"enemies":"3 Sentries","floor":7.0,"turns":8.0},{"damage":8.0,"enemies":"Large Slime","floor":10.0,"turns":4.0},{"damage":5,"enemies":"3 Louse","floor":11,"turns":3},{"damage":1,"enemies":"Looter","floor":13,"turns":3},{"damage":1,"enemies":"Gremlin Gang","floor":14,"turns":6},{"damage":33,"enemies":"Hexaghost","floor":16,"turns":7}],"seed_played":"9182930288281124331","neow_bonus_log":{"cardsObtained":[],"cardsUpgraded":[],"cardsRemoved":[],"cardsTransformed":[],"relicsObtained":[],"maxHpGained":0,"goldGained":0,"damageTaken":18,"goldLost":0,"maxHpLost":0},"potions_obtained":[{"floor":1.0,"key":"BlessingOfTheForge"},{"floor":7.0,"key":"FearPotion"},{"floor":11,"key":"ColorlessPotion"}],"is_trial":false,"path_per_floor":["M","M","M","?","?","R","E","R","T","M","M","$","M","M","R","B"],"character_chosen":"DEFECT","basemod:card_modifiers":[null,null,null,null,null,null,null,null,null,null,null,null,null,null,null,null,null,null],"items_purchased":[],"campfire_rested":0,"item_purchase_floors":[],"current_hp_per_floor":[43,35,35,35,40,40,20,20,20,19,21,21,27,33,33,0],"gold":204,"neow_bonus":"THREE_RARE_CARDS","is_prod":false,"is_daily":false,"rewards_skipped":[],"chose_seed":false,"campfire_upgraded":3,"win_rate":0,"floor_exit_playtime":[88,140,217,232,242,252,452,467,473,653,708,757,822,973,988],"timestamp":1705803908,"path_taken":["M","M","M","?","?","R","E","R","T","?","M","$","M","M","R","BOSS"],"build_version":"2022-12-01","purchased_purges":1,"victory":false,"max_hp_per_floor":[71,71,71,64,69,69,69,69,69,69,69,69,69,69,69,69],"relic_stats":{"counters":[9,39],"Golden Idol":23,"PreservedInsect":0,"War Paint":["Defend_B","Turbo"],"obtain_stats":[{"Golden Idol":4,"PreservedInsect":7,"War Paint":9,"Cracked Core":0},{"Golden Idol":3,"PreservedInsect":4,"War Paint":4,"Cracked Core":0},{"Golden Idol":8,"PreservedInsect":16,"War Paint":16,"Cracked Core":0}]},"card_choices":[{"not_picked":["Meteor Strike","Reboot"],"picked":"All For One","floor":0.0},{"not_picked":["Steam","Reprogram"],"picked":"Streamline","floor":1.0},{"not_picked":["Steam","Genetic Algorithm"],"picked":"Cold Snap","floor":2.0},{"not_picked":["Gash","Cold Snap"],"picked":"Self Repair","floor":3.0},{"not_picked":["Force Field","Conserve Battery"],"picked":"Turbo","floor":7.0},{"not_picked":["Fusion","Self Repair"],"picked":"Gash","floor":10.0},{"not_picked":["Cold Snap","Leap","Chaos"],"picked":"SKIP","floor":11},{"not_picked":["Ball Lightning","Leap"],"picked":"Go for the Eyes","floor":13},{"not_picked":["Redo","Steam"],"picked":"Rebound","floor":14}],"player_experience":152850,"relics_obtained":[{"floor":7.0,"key":"PreservedInsect"},{"floor":9.0,"key":"War Paint"}],"event_choices":[{"damage_healed":0.0,"max_hp_gain":0.0,"max_hp_loss":7.0,"gold_gain":0.0,"event_name":"Golden Idol","player_choice":"Lose Max HP","floor":4.0,"gold_loss":0.0,"damage_taken":0.0,"relics_obtained":["Golden Idol"]},{"damage_healed":0.0,"max_hp_gain":5.0,"max_hp_loss":0.0,"gold_gain":0.0,"event_name":"Big Fish","player_choice":"Donut","floor":5.0,"gold_loss":0.0,"damage_taken":0.0}],"is_beta":false,"boss_relics":[],"items_purged_floors":[12],"is_endless":false,"potions_floor_spawned":[1,7,11],"killed_by":"Hexaghost","ascension_level":20,"potion_discard_per_floor":[[],[],[],[],[],[],[],[],[],[],[],[],[],[],[],[]]}