{"neow_bonuses_skipped_log":["TEN_PERCENT_HP_BONUS","TWENTY_PERCENT_HP_BONUS","BOSS_RELIC"],"neow_costs_skipped_log":["NONE","PERCENT_DAMAGE","NONE"],"potions_obtained_entropic_brew":[[],[],[],[],[],[],[],[],[],[],[],[],[],[],[],[],[],[],[],[],[],[],[],[],[],[],[],["EssenceOfSteel","AttackPotion"]],"gold_per_floor":[115,57,69,79,99,130,130,164,164,164,8,67,80,92,92,166,166,178,93,108,121,139,139,168,168,168,187,187],"floor_reached":28,"playtime":2026,"items_purged":["Strike_B"],"score":504,"play_id":"c32d8420-aa35-43b7-9997-d7f0f51785f3","local_time":"20240124100621","score_breakdown":["Floors Climbed (28): 140","Enemies Slain (11): 22","Exordium Elites Killed (2): 20","City Elites Killed (1): 20","Bosses Slain (1): 50","Ascension (20): 252"],"is_ascension_mode":true,"potions_obtained_alchemize":[[],[],[],[],[],[],[],[],[],[],[],[],[],[],[],[],[],[],[],[],[],[],[],[],[],[],[],[]],"campfire_choices":[{"data":"Sunder","floor":7,"key":"SMITH"},{"floor":10,"key":"REST"},{"data":"Reprogram","floor":15,"key":"SMITH"},{"floor":23,"key":"REST"},{"floor":25,"key":"REST"}],"lesson_learned_per_floor":[[],[],[],[],[],[],[],[],[],[],[],[],[],[],[],[],[],[],[],[],[],[],[],[],[],[],[],[]],"neow_cost":"NONE","improvable_cards":{"Genetic Algorithm":[15,7]},"seed_source_timestamp":52620658773791,"shop_contents":[{"floor":11,"relics":["Turnip","Bag of Marbles","Runic Capacitor"],"cards":["Rebound","Melter","Conserve Battery","Static Discharge","Finesse","Secret Technique"],"potions":["AttackPotion","Strength Potion","FocusPotion"]}],"circlet_count":0,"master_deck":["AscendersBane","Strike_B","Strike_B","Strike_B","Defend_B","Defend_B","Defend_B+1","Defend_B+1","Zap","Dualcast","Ball Lightning","Sweeping Beam","Lockon","Rebound","Beam Cell","Sunder+1","Electrodynamics","Reprogram+1","Genetic Algorithm","BootSequence","Biased Cognition","Genetic Algorithm","Defragment","Fission","Decay"],"potion_use_per_floor":[[],[],[],[],[],[],[],["SneckoOil","FocusPotion"],[],[],[],[],[],["Explosive Potion"],[],[],[],[],[],["FearPotion"],[],[],[],["PowerPotion"],[],[],["DistilledChaos"],["PotionOfCapacity","EntropicBrew","EssenceOfSteel"]],"relics":["Cracked Core","Ancient Tea Set","Mummified Hand","StrikeDummy","Dead Branch","Cursed Key","War Paint","Orichalcum"],"potions_floor_usage":[8,8,14,20,24,27,28,28,28],"damage_taken":[{"damage":0,"enemies":"Cultist","floor":1,"turns":3},{"damage":3,"enemies":"2 Louse","floor":3,"turns":3},{"damage":3,"enemies":"Small Slimes","floor":4,"turns":2},{"damage":4,"enemies":"2 Fungi Beasts","floor":5,"turns":4},{"damage":8,"enemies":"Gremlin Nob","floor":6,"turns":3},{"damage":35,"enemies":"Lagavulin","floor":8,"turns":6},{"damage":0,"enemies":"3 Sentries","floor":12,"turns":3},{"damage":0,"enemies":"3 Louse","floor":13,"turns":1},{"damage":1,"enemies":"Large Slime","floor":14,"turns":4},{"damage":18,"enemies":"Slime Boss","floor":16,"turns":6},{"damage":12,"enemies":"Chosen","floor":18,"turns":3},{"damage":1,"enemies":"2 Thieves","floor":20,"turns":2},{"damage":11,"enemies":"Snecko","floor":21,"turns":4},{"damage":11,"enemies":"Centurion and Healer","floor":22,"turns":3},{"damage":38,"enemies":"Gremlin Leader","floor":24,"turns":5},{"damage":20,"enemies":"Cultist and Chosen","floor":27,"turns":4},{"damage":6,"enemies":"Slavers","floor":28,"turns":2}],"seed_played":"-7853799263201633413","neow_bonus_log":{"cardsObtained":[],"cardsUpgraded":[],"cardsRemoved":[],"cardsTransformed":[],"relicsObtained":[],"maxHpGained":0,"goldGained":0,"damageTaken":0,"goldLost":0,"maxHpLost":0},"potions_obtained":[{"floor":1,"key":"SneckoOil"},{"floor":6,"key":"FocusPotion"},{"floor":8,"key":"FearPotion"},{"floor":12,"key":"Explosive Potion"},{"floor":18,"key":"PowerPotion"},{"floor":20,"key":"FearPotion"},{"floor":22,"key":"PotionOfCapacity"},{"floor":24,"key":"DistilledChaos"},{"floor":27,"key":"EntropicBrew"}],"is_trial":false,"path_per_floor":["M","?","M","M","M","E","R","E","T","R","$","?","M","M","R","B",null,"M","?","M","M","M","R","E","R","T","M","E"],"character_chosen":"DEFECT","basemod:card_modifiers":[null,null,null,null,null,null,null,null,null,null,null,null,null,null,null,null,null,null,null,null,null,null,null,null,null],"items_purchased":["Reprogram"],"campfire_rested":3,"item_purchase_floors":[11],"current_hp_per_floor":[64,64,61,58,54,46,46,11,11,32,32,32,32,31,31,13,57,45,45,44,33,22,43,5,26,26,6,0],"gold":187,"neow_bonus":"THREE_CARDS","is_prod":false,"is_daily":false,"rewards_skipped":[],"chose_seed":false,"campfire_upgraded":2,"win_rate":0,"floor_exit_playtime":[125,132,176,210,265,305,339,440,443,449,491,572,589,805,817,957,1054,1127,1133,1396,1468,1675,1685,1853,1862,1873,1944],"timestamp":1706108781,"blue_key_relic_skipped_log":{"floor":26,"relicID":"Torii"},"path_taken":["M","?","M","M","M","E","R","E","T","R","$","?","M","M","R","BOSS","M","?","M","M","M","R","E","R","T","?","E"],"build_version":"2022-12-01","purchased_purges":1,"victory":false,"max_hp_per_floor":[71,71,71,71,71,71,71,71,71,71,71,71,71,71,71,71,71,71,71,71,71,71,71,71,71,71,71,71],"relic_stats":{"counters":[17,58],"Mummified Hand":[24],"Dead Branch":[28],"War Paint":["Defend_B","Defend_B"],"Orichalcum":[12],"Ancient Tea Set":[10],"Cursed Key":1,"obtain_stats":[{"Mummified Hand":8,"Dead Branch":12,"War Paint":19,"Orichalcum":24,"Cracked Core":0,"Ancient Tea Set":6,"StrikeDummy":9,"Cursed Key":17},{"Mummified Hand":6,"Dead Branch":7,"War Paint":11,"Orichalcum":15,"Cracked Core":0,"Ancient Tea Set":5,"StrikeDummy":6,"Cursed Key":10},{"Mummified Hand":21,"Dead Branch":24,"War Paint":38,"Orichalcum":52,"Cracked Core":0,"Ancient Tea Set":15,"StrikeDummy":21,"Cursed Key":35}]},"card_choices":[{"not_picked":["Beam Cell","Redo"],"picked":"Ball Lightning","floor":0},{"not_picked":["Coolheaded","Storm"],"picked":"Sweeping Beam","floor":1},{"not_picked":["Force Field","Barrage"],"picked":"Lockon","floor":3},{"not_picked":["Barrage","Stack"],"picked":"Rebound","floor":4},{"not_picked":["Self Repair","Cold Snap"],"picked":"Beam Cell","floor":5},{"not_picked":["Creative AI","Turbo"],"picked":"Sunder","floor":6},{"not_picked":["Steam","Barrage"],"picked":"Electrodynamics","floor":8},{"not_picked":["Gash","Compile Driver"],"picked":"Genetic Algorithm","floor":12},{"not_picked":["Streamline","Reinforced Body"],"picked":"BootSequence","floor":13},{"not_picked":["Ball Lightning","Reinforced Body","Redo"],"picked":"SKIP","floor":14},{"not_picked":["Buffer","Multi-Cast"],"picked":"Biased Cognition","floor":16},{"not_picked":["Sweeping Beam","Reinforced Body"],"picked":"Genetic Algorithm","floor":18},{"not_picked":["Turbo","BootSequence","Redo"],"picked":"SKIP","floor":20},{"not_picked":["Cold Snap","Tempest","Blizzard"],"picked":"SKIP","floor":21},{"not_picked":["Rebound+1","Turbo"],"picked":"Defragment","floor":22},{"not_picked":["Coolheaded","Force Field"],"picked":"Fission","floor":24},{"not_picked":["Static Discharge","Beam Cell","Go for the Eyes"],"picked":"SKIP","floor":27}],"player_experience":180703,"relics_obtained":[{"floor":6,"key":"Ancient Tea Set"},{"floor":8,"key":"Mummified Hand"},{"floor":9,"key":"StrikeDummy"},{"floor":12,"key":"Dead Branch"},{"floor":24,"key":"Orichalcum"}],"event_choices":[{"damage_healed":0,"gold_gain":0,"player_choice":"Left Gold","damage_taken":0,"max_hp_gain":0,"max_hp_loss":0,"event_name":"World of Goop","floor":2,"gold_loss":58},{"damage_healed":0,"gold_gain":0,"player_choice":"Searched \u00271\u0027 times","damage_taken":0,"max_hp_gain":0,"max_hp_loss":0,"event_name":"Dead Adventurer","floor":12,"gold_loss":0},{"damage_healed":0,"gold_gain":0,"player_choice":"Obtained Relic","damage_taken":0,"relics_obtained":["War Paint"],"max_hp_gain":0,"max_hp_loss":0,"event_name":"Addict","floor":19,"gold_loss":85}],"is_beta":false,"boss_relics":[{"not_picked":["Velvet Choker","Calling Bell"],"picked":"Cursed Key"}],"items_purged_floors":[11],"is_endless":false,"potions_floor_spawned":[1,6,8,12,18,20,22,24,27],"killed_by":"Slavers","ascension_level":20,"potion_discard_per_floor":[[],[],[],[],[],[],[],[],[],[],[],[],[],[],[],[],[],[],[],[],[],["FearPotion"],[],[],[],[],[],[]]}