{"neow_bonuses_skipped_log":["RANDOM_COLORLESS","TEN_PERCENT_HP_BONUS","TRANSFORM_TWO_CARDS"],"potions_obtained_entropic_brew":[[],[],[],[],[],[],[],[],[],[],[],[],[],[],[],[],[],[],[],[],[]],"neow_costs_skipped_log":["NONE","NONE","CURSE"],"gold_per_floor":[118,20,20,32,50,50,70,80,103,128,128,140,159,187,187,260,260,278,39,52,52],"floor_reached":21,"playtime":1413,"items_purged":["Strike_B"],"score":586,"play_id":"4834c910-f6c1-4d2f-8d5f-c1af0de8ac6d","local_time":"20240322143232","score_breakdown":["Floors Climbed (21): 105","Enemies Slain (9): 18","Exordium Elites Killed (2): 20","City Elites Killed (0): 0","Bosses Slain (2): 150","Ascension (20): 293"],"is_ascension_mode":true,"potions_obtained_alchemize":[[],[],[],[],[],[],[],[],[],[],[],[],[],[],[],[],[],[],[],[],[]],"campfire_choices":[{"data":"Rip and Tear","floor":6,"key":"SMITH"},{"data":"Beam Cell","floor":11,"key":"SMITH"},{"data":"Consume","floor":15,"key":"SMITH"}],"lesson_learned_per_floor":[[],[],[],[],[],[],[],[],[],[],[],[],[],[],[],[],[],[],[],[],[]],"neow_cost":"NONE","improvable_cards":{"Genetic Algorithm":[3]},"seed_source_timestamp":0,"shop_contents":[{"floor":2,"relics":["Potion Belt","HornCleat","Strange Spoon"],"cards":["Beam Cell","Barrage","Stack","Leap","Dark Shackles","Transmutation"],"potions":["ColorlessPotion","EssenceOfDarkness"]},{"floor":19,"relics":["Anchor","HandDrill"],"cards":["Ball Lightning","Barrage","Conserve Battery","Consume","Heatsinks","Swift Strike","Mayhem"],"potions":["Regen Potion","SteroidPotion","LiquidBronze"]}],"circlet_count":0,"master_deck":["AscendersBane","Strike_B","Strike_B","Strike_B","Defend_B","Defend_B","Defend_B","Defend_B","Zap","Dualcast","Ball Lightning","Capacitor","Cold Snap","Rip and Tear+1","Coolheaded","Beam Cell+1","Hello World","Consume+1","Doom and Gloom","Reboot","Genetic Algorithm","Sunder"],"special_seed":0,"potion_use_per_floor":[[],[],[],[],[],[],[],[],[],["PowerPotion"],[],["Swift Potion"],[],["FearPotion"],[],[],[],[],[],["Energy Potion"],["DuplicationPotion"]],"relics":["Philosopher\u0027s Stone","PreservedInsect","Tiny Chest","Letter Opener","Runic Pyramid","Bag of Preparation"],"potions_floor_usage":[10,12,14,20,21],"damage_taken":[{"damage":8,"enemies":"Jaw Worm","floor":1,"turns":4},{"damage":0,"enemies":"Small Slimes","floor":4,"turns":3},{"damage":0,"enemies":"Cultist","floor":5,"turns":2},{"damage":9,"enemies":"Blue Slaver","floor":7,"turns":3},{"damage":2,"enemies":"Large Slime","floor":8,"turns":5},{"damage":1,"enemies":"3 Sentries","floor":10,"turns":2},{"damage":2,"enemies":"3 Louse","floor":12,"turns":3},{"damage":2,"enemies":"Blue Slaver","floor":13,"turns":3},{"damage":6,"enemies":"Gremlin Nob","floor":14,"turns":3},{"damage":20,"enemies":"Hexaghost","floor":16,"turns":7},{"damage":30,"enemies":"Shell Parasite","floor":18,"turns":4},{"damage":2,"enemies":"Spheric Guardian","floor":20,"turns":4},{"damage":47,"enemies":"Masked Bandits","floor":21,"turns":3}],"green_key_taken_log":10,"seed_played":"-8974513349547576097","neow_bonus_log":{"cardsObtained":[],"cardsUpgraded":[],"cardsRemoved":[],"cardsTransformed":[],"relicsObtained":["Philosopher\u0027s Stone"],"maxHpGained":0,"goldGained":0,"damageTaken":0,"goldLost":0,"maxHpLost":0},"potions_obtained":[{"floor":1,"key":"SkillPotion"},{"floor":4,"key":"Swift Potion"},{"floor":10,"key":"FearPotion"},{"floor":14,"key":"Energy Potion"},{"floor":16,"key":"DuplicationPotion"}],"is_trial":false,"path_per_floor":["M","$","?","M","M","R","M","M","T","E","R","M","M","E","R","B",null,"M","$","M","?"],"character_chosen":"DEFECT","basemod:card_modifiers":[null,null,null,null,null,null,null,null,null,null,null,null,null,null,null,null,null,null,null,null,null,null],"items_purchased":["PowerPotion","Capacitor","Bag of Preparation"],"campfire_rested":0,"item_purchase_floors":[2,2,19],"current_hp_per_floor":[56,56,61,61,61,61,52,50,50,49,49,47,45,39,39,19,62,32,32,30,0],"gold":52,"neow_bonus":"BOSS_RELIC","is_prod":false,"is_daily":false,"rewards_skipped":[],"chose_seed":false,"campfire_upgraded":3,"win_rate":0,"floor_exit_playtime":[218,233,237,284,319,334,372,455,458,525,542,598,634,682,733,870,1008,1139,1164,1303],"timestamp":1711132352,"path_taken":["M","$","?","M","M","R","?","M","T","E","R","M","M","E","R","BOSS","M","$","M","?"],"build_version":"2022-12-01","purchased_purges":1,"victory":false,"max_hp_per_floor":[71,71,76,76,76,76,76,76,76,76,76,76,76,76,76,76,76,76,76,76,76],"relic_stats":{"counters":[13,46],"Tiny Chest":0,"PreservedInsect":57,"Bag of Preparation":[4],"Letter Opener":[25],"obtain_stats":[{"Philosopher\u0027s Stone":0,"Tiny Chest":10,"PreservedInsect":9,"Bag of Preparation":19,"Letter Opener":14,"Cracked Core":0,"Runic Pyramid":17},{"Philosopher\u0027s Stone":0,"Tiny Chest":6,"PreservedInsect":5,"Bag of Preparation":11,"Letter Opener":9,"Cracked Core":0,"Runic Pyramid":10},{"Philosopher\u0027s Stone":0,"Tiny Chest":19,"PreservedInsect":17,"Bag of Preparation":39,"Letter Opener":28,"Cracked Core":0,"Runic Pyramid":35}]},"card_choices":[{"not_picked":["Force Field","Cold Snap"],"picked":"Ball Lightning","floor":1},{"not_picked":["Hologram","Reinforced Body"],"picked":"Cold Snap","floor":4},{"not_picked":["Go for the Eyes","Leap"],"picked":"Rip and Tear","floor":5},{"not_picked":["Cold Snap","Blizzard"],"picked":"Coolheaded","floor":7},{"not_picked":["Streamline","Leap"],"picked":"Beam Cell","floor":8},{"not_picked":["Multi-Cast","Steam"],"picked":"Hello World","floor":10},{"not_picked":["Hologram","Leap"],"picked":"Consume","floor":12},{"not_picked":["Turbo","Coolheaded"],"picked":"Doom and Gloom","floor":13},{"not_picked":["Auto Shields","Cold Snap","Rebound"],"picked":"SKIP","floor":14},{"not_picked":["Meteor Strike","Seek"],"picked":"Reboot","floor":16},{"not_picked":["Stack+1","Storm"],"picked":"Genetic Algorithm","floor":18},{"not_picked":["Doom and Gloom","Blizzard"],"picked":"Sunder","floor":20}],"player_experience":133457,"relics_obtained":[{"floor":9,"key":"PreservedInsect"},{"floor":10,"key":"Tiny Chest"},{"floor":14,"key":"Letter Opener"}],"event_choices":[{"damage_healed":0,"gold_gain":0,"player_choice":"Donut","damage_taken":0,"max_hp_gain":5,"max_hp_loss":0,"event_name":"Big Fish","floor":3,"gold_loss":0},{"damage_healed":0,"gold_gain":0,"player_choice":"Fought Bandits","damage_taken":0,"max_hp_gain":0,"max_hp_loss":0,"event_name":"Masked Bandits","floor":21,"gold_loss":0}],"is_beta":false,"boss_relics":[{"not_picked":["Ectoplasm","Coffee Dripper"],"picked":"Runic Pyramid"}],"items_purged_floors":[19],"is_endless":false,"potions_floor_spawned":[1,4,10,14,16],"killed_by":"Masked Bandits","ascension_level":20,"potion_discard_per_floor":[[],[],[],["SkillPotion"],[],[],[],[],[],[],[],[],[],[],[],[],[],[],[],[],[]]}