{"neow_bonuses_skipped_log":["REMOVE_CARD","TRANSFORM_TWO_CARDS","BOSS_RELIC"],"neow_costs_skipped_log":["NONE","CURSE","NONE"],"potions_obtained_entropic_brew":[[],[],[],[],[],[],[],[],[],[],[],[],[],[],[],[],[],[],[],[],[],[],[],[],[],[],[],[],[],[],[],[],[],[],[],[],[],[],[],[],[],[],[],[],[],[],[],[],[],[],[],[],[],[],[],[],[]],"gold_per_floor":[213,233,45,60,77,77,90,117,117,137,153,153,172,203,203,277,277,287,287,297,497,100,133,150,170,196,196,215,244,90,90,90,167,167,182,182,83,108,128,159,159,187,265,299,299,328,550,550,550,550,550,550,550,20,54,54],"floor_reached":57,"playtime":10553,"items_purged":["Defend_B","Strike_B"],"score":2975,"play_id":"c43bd51c-06f9-46e5-94fb-30f8f02956b1","local_time":"20240718093726","falling_options_log":["Coolheaded+1","Heatsinks+1"],"score_breakdown":["Floors Climbed (57): 285","Enemies Slain (15): 30","Exordium Elites Killed (2): 20","City Elites Killed (1): 20","Beyond Elites Killed (4): 120","Bosses Slain (5): 750","Money Money (1343): 25","Collector (1): 25","Librarian: 25","Champion (3): 75","C-c-c-combo: 25","Ascension (20): 1325","Heartbreaker: 250"],"is_ascension_mode":true,"potions_obtained_alchemize":[[],[],[],[],[],[],[],[],[],[],[],[],[],[],[],[],[],[],[],[],[],[],[],[],[],[],[],[],[],[],[],[],[],[],[],[],[],[],[],[],[],[],[],[],[],[],[],[],[],[],[],[],[],[],[],[],[]],"campfire_choices":[{"data":"Defragment","floor":6.0,"key":"SMITH"},{"data":"Zap","floor":12.0,"key":"SMITH"},{"data":"Heatsinks","floor":15.0,"key":"SMITH"},{"data":"Apotheosis","floor":27.0,"key":"SMITH"},{"floor":32.0,"key":"REST"},{"data":"Coolheaded","floor":41,"key":"SMITH"},{"floor":45,"key":"RECALL"},{"data":"Coolheaded","floor":49,"key":"SMITH"},{"data":"Double Energy","floor":53,"key":"SMITH"}],"lesson_learned_per_floor":[[],[],[],[],[],[],[],[],[],[],[],[],[],[],[],[],[],[],[],[],[],[],[],[],[],[],[],[],[],[],[],[],[],[],[],[],[],[],[],[],[],[],[],[],[],[],[],[],[],[],[],[],[],[],[],[],[]],"neow_cost":"NONE","improvable_cards":{},"seed_source_timestamp":0,"shop_contents":[{"floor":3,"relics":["Happy Flower","Orichalcum","TheAbacus"],"cards":["Glacier","Coolheaded","Dark Shackles","Thinking Ahead"],"potions":["PotionOfCapacity","SmokeBomb","DistilledChaos"]},{"floor":22,"relics":["CeramicFish","Juzu Bracelet","Lee\u0027s Waffle"],"cards":["Rip and Tear","Lockon","Consume","Mind Blast"],"potions":["BlessingOfTheForge","Energy Potion","PowerPotion"]},{"floor":30,"relics":["Blue Candle","Bottled Tornado","Cauldron"],"cards":["Compile Driver","Rip and Tear","Reboot","Genetic Algorithm","Storm","Forethought","Thinking Ahead"],"potions":["AttackPotion","GamblersBrew"]},{"floor":37,"relics":["Art of War","Frozen Egg 2","ClockworkSouvenir"],"cards":["All For One","Go for the Eyes","Heatsinks","Flash of Steel","Sadistic Nature"],"potions":["Ancient Potion","Weak Potion","Swift Potion"]},{"floor":54,"relics":["Boot"],"cards":["Scrape","FTL","Leap","Hello World","Blind","Master of Strategy"],"potions":["Swift Potion","FearPotion","AttackPotion"]}],"circlet_count":0,"master_deck":["AscendersBane","Strike_B","Strike_B","Defend_B","Defend_B","Defend_B","Zap+1","Dualcast","Glacier","FTL","Defragment+1","Rebound","Rip and Tear","Capacitor","Echo Form","Compile Driver","Heatsinks+1","Machine Learning","Coolheaded+1","Go for the Eyes+1","Apotheosis+1","Heatsinks+1","Force Field","Static Discharge","Hologram","Coolheaded+1","Loop","Echo Form","Core Surge","Double Energy+1","Coolheaded+1","White Noise+1","Recycle","Aggregate","Coolheaded+1","Double Energy","Seek","Chaos","Compile Driver+1","Glacier+1","Skim","Barrage+1"],"special_seed":0,"potion_use_per_floor":[[],[],[],[],[],[],[],["CultistPotion"],[],[],[],[],[],[],[],[],[],[],[],[],[],[],["FocusPotion"],[],["AttackPotion"],[],[],[],["BlessingOfTheForge"],[],[],[],["PotionOfCapacity"],[],[],[],[],[],[],["FocusPotion"],[],[],[],[],[],["Fire Potion"],[],[],[],[],[],[],[],[],[],["LiquidBronze"],[]],"relics":["Cracked Core","Sundial","InkBottle","Letter Opener","Torii","Bird Faced Urn","Vajra","SlaversCollar","Red Mask","Runic Dome","Calipers","Lantern","PreservedInsect","Regal Pillow","Orrery","Symbiotic Virus"],"potions_floor_usage":[40,46,56],"damage_taken":[{"damage":3.0,"enemies":"Small Slimes","floor":1.0,"turns":4.0},{"damage":1.0,"enemies":"Cultist","floor":2.0,"turns":4.0},{"damage":6.0,"enemies":"2 Louse","floor":4.0,"turns":3.0},{"damage":8.0,"enemies":"Red Slaver","floor":5.0,"turns":3.0},{"damage":7.0,"enemies":"2 Fungi Beasts","floor":7.0,"turns":4.0},{"damage":8.0,"enemies":"Gremlin Nob","floor":8.0,"turns":3.0},{"damage":6.0,"enemies":"Looter","floor":10.0,"turns":2.0},{"damage":3.0,"enemies":"Blue Slaver","floor":11.0,"turns":6.0},{"damage":2.0,"enemies":"Red Slaver","floor":13.0,"turns":3.0},{"damage":11.0,"enemies":"3 Sentries","floor":14.0,"turns":6.0},{"damage":14.0,"enemies":"Hexaghost","floor":16.0,"turns":8.0},{"damage":13.0,"enemies":"Shell Parasite","floor":18.0,"turns":5.0},{"damage":0.0,"enemies":"Chosen","floor":20.0,"turns":5.0},{"damage":18.0,"enemies":"Gremlin Leader","floor":23.0,"turns":6.0},{"damage":18.0,"enemies":"Sentry and Sphere","floor":24.0,"turns":6.0},{"damage":1.0,"enemies":"3 Cultists","floor":25.0,"turns":6.0},{"damage":22.0,"enemies":"Centurion and Healer","floor":28.0,"turns":9.0},{"damage":50.0,"enemies":"Masked Bandits","floor":29.0,"turns":6.0},{"damage":10.0,"enemies":"Champ","floor":33.0,"turns":11.0},{"damage":36.0,"enemies":"3 Darklings","floor":35.0,"turns":10.0},{"damage":5,"enemies":"Mind Bloom Boss Battle","floor":38,"turns":8},{"damage":23,"enemies":"Orb Walker","floor":39,"turns":6},{"damage":0,"enemies":"Giant Head","floor":40,"turns":14},{"damage":1,"enemies":"Reptomancer","floor":42,"turns":8},{"damage":0,"enemies":"Nemesis","floor":44,"turns":5},{"damage":0,"enemies":"Reptomancer","floor":46,"turns":3},{"damage":43,"enemies":"Awakened One","floor":50,"turns":9},{"damage":25,"enemies":"Time Eater","floor":51,"turns":19},{"damage":44,"enemies":"Shield and Spear","floor":55,"turns":7},{"damage":27,"enemies":"The Heart","floor":56,"turns":8}],"green_key_taken_log":40,"seed_played":"-2358082950125703878","neow_bonus_log":{"cardsObtained":[],"cardsUpgraded":[],"cardsRemoved":[],"cardsTransformed":[],"relicsObtained":[],"maxHpGained":0,"goldGained":100,"damageTaken":0,"goldLost":0,"maxHpLost":0},"potions_obtained":[{"floor":1.0,"key":"CultistPotion"},{"floor":10.0,"key":"PotionOfCapacity"},{"floor":11.0,"key":"SteroidPotion"},{"floor":13.0,"key":"FocusPotion"},{"floor":24.0,"key":"AttackPotion"},{"floor":25.0,"key":"BlessingOfTheForge"},{"floor":29.0,"key":"AttackPotion"},{"floor":33.0,"key":"Fire Potion"},{"floor":42,"key":"LiquidBronze"}],"is_trial":false,"path_per_floor":["M","M","$","M","M","R","M","E","T","M","M","R","M","E","R","B",null,"M","?","M","?","$","E","M","M","T","R","M","?","$","?","R","B",null,"M","?","$","?","M","E","R","E","T","E","R","E","?","?","R","B","B",null,"R","$","E","B",null],"character_chosen":"DEFECT","basemod:card_modifiers":[null,null,null,null,null,null,null,null,null,null,null,null,null,null,null,null,null,null,null,null,null,null,null,null,null,null,null,null,null,null,null,null,null,null,null,null,null,null,null,null,null,null],"items_purchased":["Defragment","Rebound","Rip and Tear","Apotheosis","Heatsinks","Force Field","FocusPotion","Double Energy","Coolheaded","Orrery","Skim","Sundial"],"campfire_rested":1,"item_purchase_floors":[3,3,3,22,22,22,30,37,37,54,54,54],"current_hp_per_floor":[61,60,60,54,46,46,39,31,31,25,32,32,34,25,25,21,59,52,52,64,64,64,56,46,61,61,61,55,19,19,19,40,52,66,60,60,60,71,52,71,71,70,70,71,71,71,71,71,71,71,64,69,69,69,45,42],"gold":54,"neow_bonus":"HUNDRED_GOLD","is_prod":false,"is_daily":false,"rewards_skipped":[{"floor":14,"relics":[],"potions":["Strength Potion"]},{"floor":39,"relics":[],"potions":["Energy Potion"]},{"floor":44,"relics":["Dead Branch"],"potions":[]}],"chose_seed":false,"campfire_upgraded":7,"win_rate":1,"floor_exit_playtime":[125,217,366,436,677,692,774,818,822,870,969,1003,1101,1287,1303,2588,2677,2866,2895,3012,3027,3232,3467,3609,3881,3933,3940,4186,4405,4462,4466,4473,4787,4985,5337,5352,5371,5561,5697,6075,6190,6560,6563,6895,6900,7114,7117,7126,7140,8082,8630,8703,8777,8927,10030,10553],"timestamp":1721309846,"blue_key_relic_skipped_log":{"floor":26,"relicID":"Bag of Marbles"},"path_taken":["M","M","$","M","M","R","M","E","T","?","M","R","M","E","R","BOSS","M","?","?","?","$","E","?","M","T","R","M","?","$","?","R","BOSS","M","?","$","?","M","E","R","E","T","E","R","E","?","?","R","BOSS","BOSS","R","$","E","BOSS"],"build_version":"2022-12-01","purchased_purges":2,"victory":true,"max_hp_per_floor":[71,71,71,71,71,71,71,71,71,71,71,71,71,71,71,71,71,71,71,71,71,71,71,71,71,71,71,71,71,71,71,71,71,71,71,71,71,71,71,71,71,71,71,71,71,71,71,71,71,71,71,71,71,71,71,71],"relic_stats":{"Regal Pillow":0,"Calipers":[7977],"Torii":70,"counters":[30,195],"Sundial":[4],"Bird Faced Urn":[305],"PreservedInsect":186,"Letter Opener":[607],"obtain_stats":[{"Lantern":40,"Regal Pillow":46,"Calipers":38,"Torii":8,"Vajra":14,"PreservedInsect":42,"Letter Opener":43,"SlaversCollar":17,"Runic Dome":34,"Sundial":54,"Bird Faced Urn":9,"Orrery":54,"Red Mask":29,"Cracked Core":0,"Symbiotic Virus":55,"InkBottle":23},{"Lantern":23,"Regal Pillow":26,"Calipers":21,"Torii":6,"Vajra":10,"PreservedInsect":24,"Letter Opener":24,"SlaversCollar":11,"Runic Dome":19,"Sundial":28,"Bird Faced Urn":6,"Orrery":28,"Red Mask":18,"Cracked Core":0,"Symbiotic Virus":29,"InkBottle":14},{"Lantern":137,"Regal Pillow":152,"Calipers":118,"Torii":21,"Vajra":38,"PreservedInsect":144,"Letter Opener":144,"SlaversCollar":46,"Runic Dome":100,"Sundial":180,"Bird Faced Urn":21,"Orrery":180,"Red Mask":89,"Cracked Core":0,"Symbiotic Virus":187,"InkBottle":62}],"InkBottle":[101]},"card_choices":[{"not_picked":["Turbo","Barrage"],"picked":"Glacier","floor":1.0},{"not_picked":["Streamline","Stack"],"picked":"FTL","floor":2.0},{"not_picked":["Rebound","Turbo","Steam"],"picked":"SKIP","floor":4.0},{"not_picked":["Reinforced Body","Gash"],"picked":"Capacitor","floor":5.0},{"not_picked":["Compile Driver","Auto Shields"],"picked":"Ball Lightning","floor":7.0},{"not_picked":["Darkness","Compile Driver"],"picked":"Echo Form","floor":8.0},{"not_picked":["Coolheaded","Cold Snap","Leap"],"picked":"SKIP","floor":10.0},{"not_picked":["Turbo","Beam Cell"],"picked":"Compile Driver","floor":11.0},{"not_picked":["Conserve Battery","Chaos","Ball Lightning"],"picked":"SKIP","floor":13.0},{"not_picked":["Hologram","FTL"],"picked":"Heatsinks","floor":14.0},{"not_picked":["Thunder Strike","Rainbow"],"picked":"Machine Learning","floor":16.0},{"not_picked":["Compile Driver","Beam Cell"],"picked":"Coolheaded+1","floor":18.0},{"not_picked":["Streamline+1","Auto Shields"],"picked":"Go for the Eyes+1","floor":20.0},{"not_picked":["Machine Learning","Fusion"],"picked":"Static Discharge","floor":23.0},{"not_picked":["Force Field","Redo"],"picked":"Hologram","floor":24.0},{"not_picked":["Storm","Streamline"],"picked":"Coolheaded+1","floor":25.0},{"not_picked":["Loop","Ball Lightning","Lockon"],"picked":"SKIP","floor":28.0},{"not_picked":["Loop","Ball Lightning","Lockon"],"picked":"SKIP","floor":28.0},{"not_picked":["Ball Lightning","Lockon"],"picked":"Loop","floor":28.0},{"not_picked":["Rebound","Cold Snap"],"picked":"Echo Form","floor":29.0},{"not_picked":["Buffer","Thunder Strike"],"picked":"Core Surge","floor":33.0},{"not_picked":["Auto Shields","Conserve Battery+1","Gash"],"picked":"SKIP","floor":35.0},{"not_picked":["Auto Shields+1","Conserve Battery"],"picked":"White Noise+1","floor":38},{"not_picked":["Compile Driver+1","Redo+1"],"picked":"Recycle","floor":39},{"not_picked":["Hologram","Rebound"],"picked":"Aggregate","floor":40},{"not_picked":["Rebound","Beam Cell"],"picked":"Coolheaded","floor":42},{"not_picked":["Ball Lightning","Recycle","Steam"],"picked":"SKIP","floor":44},{"not_picked":["Ball Lightning","Recycle","Steam"],"picked":"SKIP","floor":44},{"not_picked":["Ball Lightning","Recycle","Steam"],"picked":"SKIP","floor":44},{"not_picked":["Barrage+1","Defragment+1"],"picked":"Double Energy","floor":46},{"not_picked":["Auto Shields","Scrape"],"picked":"Seek","floor":54},{"not_picked":["Beam Cell","Darkness"],"picked":"Chaos","floor":54},{"not_picked":["Glacier","Rebound"],"picked":"Compile Driver+1","floor":54},{"not_picked":["Defragment","Go for the Eyes"],"picked":"Glacier+1","floor":54},{"not_picked":["Streamline+1","Leap","FTL"],"picked":"SKIP","floor":54},{"not_picked":["Hologram","Darkness"],"picked":"Barrage+1","floor":55}],"player_experience":99314,"relics_obtained":[{"floor":8.0,"key":"Torii"},{"floor":9.0,"key":"Bird Faced Urn"},{"floor":14.0,"key":"Vajra"},{"floor":23.0,"key":"InkBottle"},{"floor":29.0,"key":"Red Mask"},{"floor":38,"key":"Calipers"},{"floor":40,"key":"Lantern"},{"floor":42,"key":"PreservedInsect"},{"floor":43,"key":"Letter Opener"},{"floor":46,"key":"Regal Pillow"},{"floor":55,"key":"Symbiotic Virus"}],"event_choices":[{"cards_removed":["Strike_B"],"damage_healed":0.0,"max_hp_gain":0.0,"max_hp_loss":0.0,"gold_gain":0.0,"event_name":"Back to Basics","player_choice":"Elegance","floor":19.0,"gold_loss":0.0,"damage_taken":0.0},{"damage_healed":0.0,"max_hp_gain":0.0,"max_hp_loss":0.0,"gold_gain":200.0,"event_name":"Wheel of Change","player_choice":"Gold","floor":21.0,"gold_loss":0.0,"damage_taken":0.0},{"damage_healed":0.0,"max_hp_gain":0.0,"max_hp_loss":0.0,"gold_gain":0.0,"event_name":"Masked Bandits","player_choice":"Fought Bandits","floor":29.0,"gold_loss":0.0,"damage_taken":0.0},{"damage_healed":0.0,"max_hp_gain":0.0,"max_hp_loss":0.0,"gold_gain":0.0,"event_name":"The Mausoleum","player_choice":"Ignored","floor":31.0,"gold_loss":0.0,"damage_taken":0.0},{"damage_healed":0.0,"max_hp_gain":0.0,"max_hp_loss":0.0,"gold_gain":0.0,"event_name":"Upgrade Shrine","player_choice":"Upgraded","floor":36.0,"gold_loss":0.0,"damage_taken":0.0,"cards_upgraded":["Heatsinks"]},{"damage_healed":0,"gold_gain":0,"player_choice":"Fight","damage_taken":0,"max_hp_gain":0,"max_hp_loss":0,"event_name":"MindBloom","floor":38,"gold_loss":0},{"damage_healed":0,"gold_gain":222,"player_choice":"Wore Mask","damage_taken":0,"max_hp_gain":0,"max_hp_loss":0,"event_name":"Tomb of Lord Red Mask","floor":47,"gold_loss":0},{"cards_removed":["Ball Lightning"],"damage_healed":0,"gold_gain":0,"player_choice":"Removed Attack","damage_taken":0,"max_hp_gain":0,"max_hp_loss":0,"event_name":"Falling","floor":48,"gold_loss":0}],"is_beta":false,"boss_relics":[{"not_picked":["Sozu","Busted Crown"],"picked":"SlaversCollar"},{"not_picked":["Runic Pyramid","Snecko Eye"],"picked":"Runic Dome"}],"items_purged_floors":[22,30],"is_endless":false,"potions_floor_spawned":[1,10,11,13,14,24,25,29,33,39,42],"ascension_level":20,"potion_discard_per_floor":[[],[],[],[],[],[],[],[],[],[],[],[],["SteroidPotion"],[],[],[],[],[],[],[],[],[],[],[],[],[],[],[],[],["AttackPotion"],[],[],[],[],[],[],[],[],[],[],[],[],[],[],[],[],[],[],[],[],[],[],[],[],[],[],[]]}