{"gold_per_floor":[118,133,149,162,180,180,205,205,260,260,280,291,305,336,336,409,409,426,437,437,437,437],"floor_reached":22,"playtime":1673,"items_purged":[],"score":500,"play_id":"49abab68-802c-4482-b4cc-682bf9e9705a","local_time":"20231028113941","is_ascension_mode":true,"campfire_choices":[{"data":"Eruption","floor":6,"key":"SMITH"},{"data":"Blasphemy","floor":8,"key":"SMITH"},{"data":"Vault","floor":15,"key":"SMITH"}],"neow_cost":"TEN_PERCENT_HP_LOSS","seed_source_timestamp":442671718087417,"circlet_count":0,"master_deck":["AscendersBane","Strike_P","Strike_P","Strike_P","Strike_P","Defend_P","Defend_P","Defend_P","Defend_P","Eruption+1","Vigilance","Vault+1","Crescendo","BowlingBash","Blasphemy+1","CarveReality","FlurryOfBlows","Adaptation","Ragnarok","Wireheading"],"relics":["PureWater","Orichalcum","Akabeko","Shuriken","Coffee Dripper"],"potions_floor_usage":[14],"damage_taken":[{"damage":3,"enemies":"2 Louse","floor":1,"turns":3},{"damage":0,"enemies":"Jaw Worm","floor":2,"turns":4},{"damage":1,"enemies":"Cultist","floor":3,"turns":5},{"damage":1,"enemies":"Red Slaver","floor":4,"turns":3},{"damage":0,"enemies":"Looter","floor":5,"turns":3},{"damage":22,"enemies":"Lagavulin","floor":7,"turns":8},{"damage":0,"enemies":"Blue Slaver","floor":11,"turns":1},{"damage":0,"enemies":"2 Fungi Beasts","floor":12,"turns":2},{"damage":0,"enemies":"Lots of Slimes","floor":13,"turns":2},{"damage":2,"enemies":"3 Sentries","floor":14,"turns":5},{"damage":0,"enemies":"Slime Boss","floor":16,"turns":4},{"damage":16,"enemies":"2 Thieves","floor":18,"turns":2},{"damage":0,"enemies":"Spheric Guardian","floor":19,"turns":1},{"damage":100029,"enemies":"Snecko","floor":22,"turns":4}],"seed_played":"8453970442333084018","potions_obtained":[{"floor":1,"key":"Explosive Potion"},{"floor":4,"key":"Energy Potion"},{"floor":5,"key":"StancePotion"},{"floor":13,"key":"AttackPotion"}],"is_trial":false,"path_per_floor":["M","M","M","M","M","R","E","R","T","?","M","M","M","E","R","B",null,"M","M","?","?","M"],"character_chosen":"WATCHER","basemod:card_modifiers":[null,null,null,null,null,null,null,null,null,null,null,null,null,null,null,null,null,null,null,null],"items_purchased":[],"campfire_rested":0,"item_purchase_floors":[],"current_hp_per_floor":[58,58,57,56,56,56,34,34,34,34,34,34,34,32,32,32,55,39,39,39,51,0],"gold":437,"neow_bonus":"THREE_RARE_CARDS","is_prod":false,"is_daily":false,"chose_seed":false,"campfire_upgraded":3,"win_rate":0,"timestamp":1698507581,"path_taken":["M","M","M","M","M","R","E","R","T","?","M","M","M","E","R","BOSS","M","M","?","?","M"],"build_version":"2022-12-01","purchased_purges":0,"victory":false,"max_hp_per_floor":[62,62,62,62,62,62,62,62,62,62,62,62,62,62,62,62,62,62,62,62,62,62],"card_choices":[{"not_picked":["SpiritShield","DeusExMachina"],"picked":"Vault","floor":0},{"not_picked":["FlyingSleeves","SashWhip"],"picked":"Crescendo","floor":1},{"not_picked":["Fasting2","Conclude","EmptyBody"],"picked":"SKIP","floor":2},{"not_picked":["FlurryOfBlows","FlyingSleeves"],"picked":"BowlingBash","floor":3},{"not_picked":["Nirvana","Fasting2"],"picked":"Blasphemy","floor":4},{"not_picked":["CrushJoints","Conclude","FlyingSleeves"],"picked":"SKIP","floor":5},{"not_picked":["CutThroughFate","Conclude"],"picked":"CarveReality","floor":7},{"not_picked":["WaveOfTheHand","DevaForm"],"picked":"FlurryOfBlows","floor":11},{"not_picked":["Consecrate","EmptyFist","EmptyBody"],"picked":"SKIP","floor":12},{"not_picked":["SignatureMove","ThirdEye"],"picked":"Adaptation","floor":13},{"not_picked":["SashWhip","Crescendo","DeceiveReality"],"picked":"SKIP","floor":14},{"not_picked":["ConjureBlade","MasterReality"],"picked":"Ragnarok","floor":16},{"not_picked":["Protect","ThirdEye"],"picked":"Wireheading","floor":18},{"not_picked":["Evaluate","SignatureMove","Halt"],"picked":"SKIP","floor":19}],"player_experience":205819,"relics_obtained":[{"floor":7,"key":"Orichalcum"},{"floor":9,"key":"Akabeko"},{"floor":14,"key":"Shuriken"}],"event_choices":[{"damage_healed":0,"gold_gain":0,"player_choice":"Ignored","damage_taken":0,"max_hp_gain":0,"max_hp_loss":0,"event_name":"Liars Game","floor":10,"gold_loss":0},{"damage_healed":0,"gold_gain":0,"player_choice":"Ignored","damage_taken":0,"max_hp_gain":0,"max_hp_loss":0,"event_name":"Cursed Tome","floor":20,"gold_loss":0},{"damage_healed":12,"gold_gain":0,"player_choice":"Heal","damage_taken":0,"max_hp_gain":0,"max_hp_loss":0,"event_name":"The Library","floor":21,"gold_loss":0}],"is_beta":false,"boss_relics":[{"not_picked":["Sozu","Black Star"],"picked":"Coffee Dripper"}],"items_purged_floors":[],"is_endless":false,"potions_floor_spawned":[1,4,5,13],"killed_by":"Snecko","ascension_level":20}