{"neow_bonuses_skipped_log":["THREE_CARDS","TEN_PERCENT_HP_BONUS","TRANSFORM_TWO_CARDS"],"potions_obtained_entropic_brew":[[],[],[],[],[],[],[],[],[],[],[],[],[],[],[],[],[],[],[],[],[],[],[],[],[],[],[],[],[],[],[],[],[],[],[],[],[],[],[],[]],"neow_costs_skipped_log":["NONE","NONE","CURSE"],"gold_per_floor":[164,439,459,476,491,491,524,474,501,501,516,516,532,532,532,636,636,655,506,520,520,445,473,473,294,321,321,332,343,356,374,374,476,476,490,206,226,244,256,256],"floor_reached":40,"playtime":3470,"items_purged":["Defend_P","Strike_P","Defend_P"],"score":512,"play_id":"de3e571f-ca4f-412e-a8e6-efd68af3cde5","local_time":"20240302190010","score_breakdown":["Floors Climbed (40): 200","Enemies Slain (16): 32","Exordium Elites Killed (1): 10","City Elites Killed (1): 20","Beyond Elites Killed (0): 0","Bosses Slain (2): 150","Champion (2): 50","Perfect (1): 50"],"is_ascension_mode":false,"potions_obtained_alchemize":[[],[],[],[],[],[],[],[],[],[],[],[],[],[],[],[],[],[],[],[],[],[],[],[],[],[],[],[],[],[],[],[],[],[],[],[],[],[],[],[]],"campfire_choices":[{"data":"Eruption","floor":6.0,"key":"SMITH"},{"data":"FlurryOfBlows","floor":10.0,"key":"SMITH"},{"data":"Prostrate","floor":12.0,"key":"SMITH"},{"data":"BattleHymn","floor":15.0,"key":"SMITH"},{"data":"Scrawl","floor":27,"key":"SMITH"},{"floor":32,"key":"REST"}],"lesson_learned_per_floor":[[],[],[],[],[],[],[],[],[],[],[],[],[],[],[],[],[],[],[],[],[],[],[],[],[],[],[],[],[],[],[],[],[],[],[],[],["Vigilance"],["MentalFortress"],["Wireheading"],[]],"neow_cost":"NONE","improvable_cards":{},"seed_source_timestamp":0,"shop_contents":[{"floor":19,"relics":["InkBottle","Bottled Flame","Lee\u0027s Waffle"],"cards":["FlyingSleeves","JustLucky","Indignation","PathToVictory","Jack Of All Trades","Sadistic Nature"],"potions":["Regen Potion","Fire Potion","DistilledChaos"]},{"floor":25,"relics":["Matryoshka","Dead Branch","Frozen Eye"],"cards":["BowlingBash","PathToVictory","Prostrate","Fasting2","Deep Breath","Sadistic Nature"],"potions":["SpeedPotion","BottledMiracle","LiquidBronze"]},{"floor":36,"relics":["Pantograph","Akabeko","Membership Card"],"cards":["FlyingSleeves","ReachHeaven","Protect","WreathOfFlame","Finesse","Secret Technique"],"potions":["Fire Potion"]}],"circlet_count":0,"master_deck":["Strike_P","Strike_P+1","Eruption+1","Vigilance+1","Indignation","CutThroughFate","ThirdEye","BattleHymn+1","FlurryOfBlows+1","Prostrate+1","Scrawl+1","Meditate+1","Wireheading+1","Adaptation","Evaluate","SpiritShield","Pray","TalkToTheHand","Adaptation+1","DeusExMachina","WaveOfTheHand","LessonLearned","MentalFortress+1","InnerPeace"],"special_seed":0,"potion_use_per_floor":[[],[],[],[],["Swift Potion"],[],[],[],[],[],[],[],["Ancient Potion"],[],[],[],[],[],[],["Dexterity Potion"],[],[],["SteroidPotion"],[],[],[],[],[],[],[],[],[],["BottledMiracle","Swift Potion"],[],[],[],[],[],["ColorlessPotion"],["StancePotion"]],"relics":["Tiny House"],"potions_floor_usage":[20,23,33,33,39,40],"damage_taken":[{"damage":1.0,"enemies":"Jaw Worm","floor":1.0,"turns":4.0},{"damage":2.0,"enemies":"Small Slimes","floor":3.0,"turns":2.0},{"damage":0.0,"enemies":"Cultist","floor":4.0,"turns":2.0},{"damage":17.0,"enemies":"Large Slime","floor":5.0,"turns":5.0},{"damage":4.0,"enemies":"Lagavulin","floor":7.0,"turns":4.0},{"damage":0.0,"enemies":"2 Fungi Beasts","floor":11.0,"turns":2.0},{"damage":21.0,"enemies":"Gremlin Gang","floor":13.0,"turns":4.0},{"damage":0.0,"enemies":"Slime Boss","floor":16.0,"turns":4.0},{"damage":0.0,"enemies":"Chosen","floor":18.0,"turns":3.0},{"damage":24,"enemies":"2 Thieves","floor":20,"turns":4},{"damage":0,"enemies":"Gremlin Leader","floor":23,"turns":5},{"damage":17,"enemies":"Centurion and Healer","floor":28,"turns":4},{"damage":2,"enemies":"Chosen and Byrds","floor":29,"turns":3},{"damage":23,"enemies":"3 Cultists","floor":30,"turns":4},{"damage":10,"enemies":"Snake Plant","floor":31,"turns":5},{"damage":17,"enemies":"Automaton","floor":33,"turns":6},{"damage":15,"enemies":"Orb Walker","floor":35,"turns":5},{"damage":9,"enemies":"3 Darklings","floor":37,"turns":4},{"damage":5,"enemies":"Maw","floor":38,"turns":6},{"damage":0,"enemies":"Writhing Mass","floor":39,"turns":5},{"damage":50,"enemies":"Nemesis","floor":40,"turns":5}],"seed_played":"1531211020176837829","neow_bonus_log":{"cardsObtained":[],"cardsUpgraded":[],"cardsRemoved":[],"cardsTransformed":[],"relicsObtained":["Tiny House"],"maxHpGained":0,"goldGained":0,"damageTaken":0,"goldLost":0,"maxHpLost":0},"potions_obtained":[{"floor":0.0,"key":"Swift Potion"},{"floor":1.0,"key":"Strength Potion"},{"floor":3.0,"key":"Ancient Potion"},{"floor":5.0,"key":"Dexterity Potion"},{"floor":13.0,"key":"SteroidPotion"},{"floor":23,"key":"Swift Potion"},{"floor":30,"key":"SpeedPotion"},{"floor":31,"key":"BottledMiracle"},{"floor":37,"key":"ColorlessPotion"}],"is_trial":false,"path_per_floor":["M","?","M","M","M","R","E","?","T","R","M","R","M","?","R","B",null,"M","$","M","?","?","E","?","$","T","R","M","M","M","M","R","B",null,"M","$","M","M","M","E"],"character_chosen":"WATCHER","basemod:card_modifiers":[null,null,null,null,null,null,null,null,null,null,null,null,null,null,null,null,null,null,null,null,null,null,null,null],"items_purchased":["Wireheading","TalkToTheHand","MentalFortress","SteroidPotion","StancePotion"],"campfire_rested":1,"item_purchase_floors":[19,25,36,36,36],"current_hp_per_floor":[76,76,74,74,57,57,53,53,53,53,53,53,32,32,32,32,77,77,77,53,53,53,53,53,53,53,53,36,34,11,1,24,7,77,62,62,53,48,48,0],"gold":256,"neow_bonus":"BOSS_RELIC","is_prod":false,"is_daily":false,"rewards_skipped":[{"floor":7,"relics":["Lantern"],"potions":[]},{"floor":23,"relics":["MealTicket"],"potions":[]},{"floor":26,"relics":["PreservedInsect"],"potions":[]},{"floor":38,"relics":[],"potions":["SmokeBomb"]}],"chose_seed":false,"campfire_upgraded":5,"win_rate":0,"floor_exit_playtime":[106,127,184,220,332,339,405,414,422,447,475,482,614,618,633,686,700,748,785,896,912,933,1156,1162,1196,1207,1220,1373,1497,1593,1777,1781,2313,2366,2506,2536,2759,3078,3279],"timestamp":1709424010,"blue_key_relic_skipped_log":{"floor":9,"relicID":"Whetstone"},"path_taken":["M","?","M","M","M","R","E","?","T","R","?","R","M","?","R","BOSS","M","$","M","?","?","E","?","$","T","R","M","M","M","M","R","BOSS","M","$","M","M","M","E"],"build_version":"2022-12-01","purchased_purges":3,"victory":false,"max_hp_per_floor":[77,77,77,77,77,77,77,77,77,77,77,77,77,77,77,77,77,77,77,77,77,77,77,77,77,77,77,77,77,77,77,77,77,77,77,77,77,77,77,77],"relic_stats":{"counters":[21,86],"obtain_stats":[{"Tiny House":0,"PureWater":0},{"Tiny House":0,"PureWater":0},{"Tiny House":0,"PureWater":0}]},"card_choices":[{"not_picked":["Perseverance","Protect"],"picked":"Indignation","floor":0.0},{"not_picked":["SashWhip","PathToVictory"],"picked":"CutThroughFate","floor":1.0},{"not_picked":["SashWhip","Vengeance"],"picked":"ThirdEye","floor":3.0},{"not_picked":["JustLucky","EmptyBody","Swivel"],"picked":"SKIP","floor":4.0},{"not_picked":["SpiritShield","Halt"],"picked":"BattleHymn","floor":5.0},{"not_picked":["ClearTheMind","JustLucky"],"picked":"FlurryOfBlows","floor":7.0},{"not_picked":["SandsOfTime","Protect"],"picked":"Prostrate","floor":11.0},{"not_picked":["SandsOfTime","PathToVictory","Worship"],"picked":"SKIP","floor":13.0},{"not_picked":["SandsOfTime","PathToVictory","Worship"],"picked":"SKIP","floor":13.0},{"not_picked":["ConjureBlade","DevaForm"],"picked":"Scrawl","floor":16.0},{"not_picked":["BowlingBash","JustLucky"],"picked":"Meditate+1","floor":18.0},{"not_picked":["WaveOfTheHand","Consecrate+1"],"picked":"Adaptation","floor":20},{"not_picked":["Halt+1","ThirdEye"],"picked":"Pray","floor":23},{"not_picked":["Nirvana","DeceiveReality"],"picked":"Adaptation+1","floor":28},{"not_picked":["Meditate","JustLucky","Evaluate"],"picked":"SKIP","floor":29},{"not_picked":["Meditate","JustLucky","Evaluate"],"picked":"SKIP","floor":29},{"not_picked":["ThirdEye","Adaptation"],"picked":"DeusExMachina","floor":30},{"not_picked":["CarveReality","Consecrate"],"picked":"WaveOfTheHand","floor":31},{"not_picked":["MasterReality","Judgement"],"picked":"LessonLearned","floor":33},{"not_picked":["EmptyFist","Halt","JustLucky+1"],"picked":"SKIP","floor":35},{"not_picked":["ForeignInfluence+1","Indignation"],"picked":"InnerPeace","floor":37},{"not_picked":["CutThroughFate+1","FlyingSleeves","SashWhip+1"],"picked":"SKIP","floor":38},{"not_picked":["Protect+1","PathToVictory+1","Perseverance+1"],"picked":"SKIP","floor":39}],"player_experience":118147,"relics_obtained":[],"event_choices":[{"damage_healed":0.0,"max_hp_gain":0.0,"max_hp_loss":0.0,"gold_gain":275.0,"event_name":"Golden Shrine","player_choice":"Desecrate","floor":2.0,"gold_loss":0.0,"damage_taken":0.0,"cards_obtained":["Regret"]},{"cards_removed":["Regret"],"damage_healed":0.0,"max_hp_gain":0.0,"max_hp_loss":0.0,"gold_gain":0.0,"event_name":"The Cleric","player_choice":"Card Removal","floor":8.0,"gold_loss":50.0,"damage_taken":0.0},{"damage_healed":0.0,"max_hp_gain":0.0,"max_hp_loss":0.0,"gold_gain":0.0,"event_name":"Scrap Ooze","player_choice":"Fled","floor":14.0,"gold_loss":0.0,"damage_taken":0.0},{"damage_healed":0,"gold_gain":0,"cards_transformed":["Defend_P","Strike_P"],"player_choice":"Became Test Subject","damage_taken":0,"max_hp_gain":0,"max_hp_loss":0,"event_name":"Drug Dealer","floor":21,"gold_loss":0,"cards_obtained":["Evaluate","SpiritShield"]},{"cards_removed":["Defend_P"],"damage_healed":0,"gold_gain":0,"player_choice":"Gave Gold","damage_taken":0,"max_hp_gain":0,"max_hp_loss":0,"event_name":"Beggar","floor":22,"gold_loss":75}],"is_beta":false,"boss_relics":[{"not_picked":["SlaversCollar","Calling Bell","VioletLotus"]},{"not_picked":["SacredBark","Empty Cage","Cursed Key"]}],"items_purged_floors":[19,25,36],"is_endless":false,"potions_floor_spawned":[1,3,5,13,23,30,31,37,38],"killed_by":"Nemesis","ascension_level":0,"potion_discard_per_floor":[[],[],[],[],[],[],[],[],[],[],[],[],[],[],[],[],[],[],[],[],[],[],[],[],[],[],[],[],[],[],["Strength Potion"],[],[],[],[],[],["SpeedPotion"],[],[],[]]}