{"gold_per_floor":[116,127,127,138,150,150,172,202,255,283,283,41,41,53,53,131,131,147,147,147,237,251,251],"floor_reached":23,"playtime":1486,"items_purged":["Strike_R"],"score":423,"play_id":"2ee58a23-5436-49ef-bbf1-e41dfb0e604e","local_time":"20230821002513","is_ascension_mode":true,"campfire_choices":[{"data":"Carnage","floor":6.0,"key":"SMITH"},{"data":"Cleave","floor":13.0,"key":"SMITH"},{"floor":15.0,"key":"REST"}],"neow_cost":"NONE","seed_source_timestamp":4728826018250,"circlet_count":0,"master_deck":["AscendersBane","Defend_R","Defend_R","Defend_R","Defend_R","Bash","Disarm","Pummel","Cleave+1","Carnage+1","Armaments","Anger","Corruption","Clothesline","Bite","Bite","Bite","Bite","Bite","Flame Barrier"],"special_seed":0,"relics":["SacredBark","Pear","Odd Mushroom","Centennial Puzzle","Blue Candle","PreservedInsect","Snecko Eye"],"potions_floor_usage":[22],"damage_taken":[{"damage":10.0,"enemies":"Small Slimes","floor":1.0,"turns":3.0},{"damage":9.0,"enemies":"Jaw Worm","floor":2.0,"turns":4.0},{"damage":6.0,"enemies":"Cultist","floor":4.0,"turns":3.0},{"damage":9.0,"enemies":"3 Louse","floor":5.0,"turns":3.0},{"damage":0.0,"enemies":"The Mushroom Lair","floor":7.0,"turns":1.0},{"damage":8.0,"enemies":"Gremlin Nob","floor":8.0,"turns":3.0},{"damage":15.0,"enemies":"3 Sentries","floor":10.0,"turns":6.0},{"damage":13.0,"enemies":"Red Slaver","floor":14.0,"turns":4.0},{"damage":23.0,"enemies":"The Guardian","floor":16.0,"turns":16.0},{"damage":21.0,"enemies":"Spheric Guardian","floor":18.0,"turns":4.0},{"damage":3,"enemies":"2 Thieves","floor":22,"turns":3},{"damage":50,"enemies":"Gremlin Leader","floor":23,"turns":5}],"seed_played":"2691600956268424003","potions_obtained":[{"floor":1.0,"key":"ColorlessPotion"},{"floor":2.0,"key":"PowerPotion"},{"floor":5.0,"key":"Explosive Potion"},{"floor":8.0,"key":"SkillPotion"},{"floor":16.0,"key":"SpeedPotion"},{"floor":18.0,"key":"Fire Potion"}],"is_trial":false,"path_per_floor":["M","M","?","M","M","R","?","E","T","E","?","$","R","M","R","B",null,"M","?","?","?","M","E"],"character_chosen":"IRONCLAD","basemod:card_modifiers":[null,null,null,null,null,null,null,null,null,null,null,null,null,null,null,null,null,null,null,null],"items_purchased":["PreservedInsect"],"campfire_rested":1,"item_purchase_floors":[12],"current_hp_per_floor":[58,49,48,42,33,33,33,25,25,10,38,38,38,25,50,27,71,50,50,50,38,42,0],"gold":251,"neow_bonus":"BOSS_RELIC","is_prod":false,"is_daily":false,"chose_seed":false,"campfire_upgraded":2,"win_rate":0,"timestamp":1692591913,"path_taken":["M","M","?","M","M","R","?","E","T","E","?","$","R","M","R","BOSS","M","?","?","?","?","E"],"build_version":"2022-12-01","purchased_purges":1,"victory":false,"max_hp_per_floor":[75,75,85,85,85,85,85,85,85,85,85,85,85,85,85,85,85,85,85,59,59,59,59],"card_choices":[{"not_picked":["Rupture","Heavy Blade"],"picked":"Disarm","floor":1.0},{"not_picked":["Clash","Perfected Strike"],"picked":"Pummel","floor":2.0},{"not_picked":["Body Slam","Perfected Strike"],"picked":"Cleave","floor":4.0},{"not_picked":["Burning Pact","Body Slam"],"picked":"Carnage","floor":5.0},{"not_picked":["Dropkick","Warcry"],"picked":"Armaments","floor":7.0},{"not_picked":["Clothesline","Iron Wave"],"picked":"Anger","floor":8.0},{"not_picked":["Bludgeon","Fire Breathing","Carnage"],"picked":"SKIP","floor":10.0},{"not_picked":["Pummel","Havoc","Carnage"],"picked":"SKIP","floor":14.0},{"not_picked":["Fiend Fire","Offering"],"picked":"Corruption","floor":16.0},{"not_picked":["Perfected Strike","Intimidate","Twin Strike+1"],"picked":"SKIP","floor":18.0},{"not_picked":["Clash","Sever Soul"],"picked":"Flame Barrier","floor":22}],"player_experience":46099,"relics_obtained":[{"floor":7.0,"key":"Odd Mushroom"},{"floor":8.0,"key":"Centennial Puzzle"},{"floor":10.0,"key":"Blue Candle"}],"event_choices":[{"damage_healed":0.0,"max_hp_gain":0.0,"max_hp_loss":0.0,"gold_gain":0.0,"event_name":"Scrap Ooze","player_choice":"Success","floor":3.0,"gold_loss":0.0,"damage_taken":11.0,"relics_obtained":["Pear"]},{"damage_healed":0.0,"max_hp_gain":0.0,"max_hp_loss":0.0,"gold_gain":0.0,"event_name":"Mushrooms","player_choice":"Fought Mushrooms","floor":7.0,"gold_loss":0.0,"damage_taken":0.0},{"damage_healed":28.0,"max_hp_gain":0.0,"max_hp_loss":0.0,"gold_gain":0.0,"event_name":"Big Fish","player_choice":"Banana","floor":11.0,"gold_loss":0.0,"damage_taken":0.0},{"damage_healed":0,"gold_gain":0,"player_choice":"Read","damage_taken":0,"max_hp_gain":0,"max_hp_loss":0,"event_name":"The Library","floor":19,"gold_loss":0,"cards_obtained":["Clothesline"]},{"damage_healed":0,"gold_gain":0,"player_choice":"Became a vampire","damage_taken":0,"max_hp_gain":0,"max_hp_loss":26,"event_name":"Vampires","floor":20,"gold_loss":0,"cards_obtained":["Bite","Bite","Bite","Bite","Bite"]},{"damage_healed":0,"gold_gain":90,"player_choice":"GOLD ","damage_taken":12,"max_hp_gain":0,"max_hp_loss":0,"event_name":"Knowing Skull","floor":21,"potions_obtained":[],"gold_loss":0,"cards_obtained":[]}],"is_beta":false,"boss_relics":[{"not_picked":["Black Star","SlaversCollar"],"picked":"Snecko Eye"}],"items_purged_floors":[12],"is_endless":false,"potions_floor_spawned":[1,2,5,8,16,18],"killed_by":"Gremlin Leader","ascension_level":20}