{"gold_per_floor":[116,135,135,147,147,185,185,185,212,22,65,65,46,87,87,178,178,192,213,213,147,11,42,42,75,100,134,134,172,193,208,208,306,306,329,352,365,183,183,183,202,241,266,310,330,364,140,140,140,140],"floor_reached":50,"playtime":4463,"items_purged":["Anger","Strike_R","Strike_R","Strike_R"],"score":1306,"play_id":"fef29c08-c6f4-410d-a281-d4b4cd209595","local_time":"20230819212308","is_ascension_mode":true,"campfire_choices":[{"floor":7.0,"key":"REST"},{"data":"Bash","floor":12.0,"key":"SMITH"},{"data":"Whirlwind","floor":15.0,"key":"SMITH"},{"data":"Shrug It Off","floor":32,"key":"SMITH"},{"floor":40,"key":"RECALL"},{"data":"Fiend Fire","floor":49,"key":"SMITH"}],"neow_cost":"NONE","seed_source_timestamp":8556356977292,"circlet_count":0,"master_deck":["AscendersBane","Strike_R","Strike_R","Defend_R","Defend_R","Defend_R","Defend_R","Bash+1","Twin Strike","Pommel Strike+1","Whirlwind+1","Shrug It Off","Brutality","Shockwave","Corruption","Carnage","Body Slam","Shrug It Off+1","Impervious","Shockwave","Shrug It Off","Fiend Fire+1","Uppercut+1","Battle Trance","Madness","Master of Strategy","Purity","Rampage"],"special_seed":0,"relics":["Burning Blood","Golden Idol","White Beast Statue","Kunai","Toy Ornithopter","Membership Card","Bronze Scales","Nunchaku","Snecko Eye","Meat on the Bone","Orichalcum","Bottled Lightning","Gremlin Horn","Coffee Dripper","Omamori","Anchor","Lantern","MealTicket","Darkstone Periapt"],"potions_floor_usage":[23,25,27,28,30,31,33,35,36,37,41,42,44,45,46,50,50],"damage_taken":[{"damage":10.0,"enemies":"Small Slimes","floor":1.0,"turns":4.0},{"damage":9.0,"enemies":"Jaw Worm","floor":2.0,"turns":3.0},{"damage":9.0,"enemies":"2 Louse","floor":4.0,"turns":2.0},{"damage":41.0,"enemies":"Lagavulin","floor":6.0,"turns":7.0},{"damage":12.0,"enemies":"3 Sentries","floor":11.0,"turns":2.0},{"damage":9.0,"enemies":"Exordium Thugs","floor":13.0,"turns":4.0},{"damage":24.0,"enemies":"Lagavulin","floor":14.0,"turns":6.0},{"damage":16.0,"enemies":"Slime Boss","floor":16.0,"turns":7.0},{"damage":11.0,"enemies":"2 Thieves","floor":18.0,"turns":3.0},{"damage":0.0,"enemies":"Chosen","floor":19.0,"turns":2.0},{"damage":21,"enemies":"Gremlin Leader","floor":23,"turns":5},{"damage":26,"enemies":"Slavers","floor":25,"turns":4},{"damage":15,"enemies":"Gremlin Leader","floor":27,"turns":5},{"damage":0,"enemies":"Snake Plant","floor":28,"turns":1},{"damage":14,"enemies":"Slavers","floor":29,"turns":4},{"damage":0,"enemies":"Snecko","floor":30,"turns":4},{"damage":0,"enemies":"Centurion and Healer","floor":31,"turns":3},{"damage":56,"enemies":"Automaton","floor":33,"turns":11},{"damage":4,"enemies":"3 Darklings","floor":35,"turns":2},{"damage":4,"enemies":"3 Shapes","floor":36,"turns":5},{"damage":22,"enemies":"Maw","floor":37,"turns":7},{"damage":13,"enemies":"Sphere and 2 Shapes","floor":41,"turns":5},{"damage":16,"enemies":"Giant Head","floor":42,"turns":7},{"damage":38,"enemies":"Reptomancer","floor":44,"turns":4},{"damage":9,"enemies":"Writhing Mass","floor":45,"turns":4},{"damage":4,"enemies":"Nemesis","floor":46,"turns":5},{"damage":93,"enemies":"Time Eater","floor":50,"turns":11}],"seed_played":"3417271762909925674","potions_obtained":[{"floor":1.0,"key":"SteroidPotion"},{"floor":6.0,"key":"Energy Potion"},{"floor":11.0,"key":"FearPotion"},{"floor":13.0,"key":"EntropicBrew"},{"floor":14.0,"key":"Fruit Juice"},{"floor":16.0,"key":"Fire Potion"},{"floor":18.0,"key":"ColorlessPotion"},{"floor":19.0,"key":"BloodPotion"},{"floor":23,"key":"SmokeBomb"},{"floor":25,"key":"LiquidBronze"},{"floor":27,"key":"Fruit Juice"},{"floor":29,"key":"Fire Potion"},{"floor":30,"key":"ColorlessPotion"},{"floor":31,"key":"Dexterity Potion"},{"floor":33,"key":"SkillPotion"},{"floor":35,"key":"Energy Potion"},{"floor":36,"key":"Regen Potion"},{"floor":37,"key":"Dexterity Potion"},{"floor":41,"key":"Weak Potion"},{"floor":42,"key":"Strength Potion"},{"floor":44,"key":"ElixirPotion"},{"floor":45,"key":"PowerPotion"},{"floor":46,"key":"LiquidBronze"}],"is_trial":false,"path_per_floor":["M","M","?","M","?","E","R","T","T","$","E","R","M","E","R","B",null,"M","M","?","$","$","E","?","E","T","E","M","E","M","M","R","B",null,"M","M","M","$","?","R","M","E","T","E","M","E","$","?","R","B"],"character_chosen":"IRONCLAD","basemod:card_modifiers":[null,null,null,null,null,null,null,null,null,null,null,null,null,null,null,null,null,null,null,null,null,null,null,null,null,null,null,null],"items_purchased":["Membership Card","SteroidPotion","Shrug It Off","Impervious","Battle Trance","Omamori","Master of Strategy","Purity"],"campfire_rested":1,"item_purchase_floors":[10,10,21,22,38,38,47,47],"current_hp_per_floor":[64,61,61,58,58,23,43,43,43,43,47,47,44,36,36,31,59,64,73,73,73,73,58,58,57,57,53,64,56,72,78,78,40,69,76,78,67,67,62,62,74,68,68,53,55,62,77,77,77,0],"gold":140,"neow_bonus":"THREE_CARDS","is_prod":false,"is_daily":false,"chose_seed":false,"campfire_upgraded":4,"win_rate":0,"timestamp":1692494588,"path_taken":["M","M","?","M","?","E","R","?","T","$","E","R","M","E","R","BOSS","M","M","?","?","$","E","?","E","T","E","?","E","M","M","R","BOSS","M","M","M","$","?","R","M","E","T","E","M","E","$","?","R","BOSS"],"build_version":"2022-12-01","purchased_purges":4,"victory":false,"max_hp_per_floor":[75,75,75,75,68,68,68,68,68,68,68,68,68,68,68,68,68,73,73,73,73,73,73,73,73,73,73,73,73,78,78,78,78,78,78,78,78,78,78,78,78,78,78,78,78,78,78,78,78,78],"card_choices":[{"not_picked":["Body Slam","Fire Breathing"],"picked":"Twin Strike","floor":0.0},{"not_picked":["Blood for Blood","Warcry"],"picked":"Pommel Strike","floor":1.0},{"not_picked":["Fire Breathing","True Grit"],"picked":"Whirlwind","floor":2.0},{"not_picked":["Havoc","True Grit"],"picked":"Shrug It Off","floor":4.0},{"not_picked":["Headbutt","Power Through","Warcry"],"picked":"SKIP","floor":6.0},{"not_picked":["True Grit","Metallicize"],"picked":"Brutality","floor":11.0},{"not_picked":["Armaments","Dark Embrace"],"picked":"Anger","floor":13.0},{"not_picked":["Iron Wave","Entrench"],"picked":"Shockwave","floor":14.0},{"not_picked":["Double Tap","Barricade"],"picked":"Corruption","floor":16.0},{"not_picked":["Twin Strike","Intimidate"],"picked":"Carnage","floor":18.0},{"not_picked":["Anger","Rampage"],"picked":"Body Slam","floor":19.0},{"not_picked":["Thunderclap","Clothesline","Brutality"],"picked":"SKIP","floor":23},{"not_picked":["Corruption","Cleave"],"picked":"Shockwave","floor":25},{"not_picked":["Twin Strike+1","Warcry","Infernal Blade"],"picked":"SKIP","floor":27},{"not_picked":["Twin Strike+1","Warcry","Infernal Blade"],"picked":"SKIP","floor":27},{"not_picked":["Offering","Disarm","Pommel Strike"],"picked":"SKIP","floor":29},{"not_picked":["Cleave","Havoc"],"picked":"Shrug It Off","floor":30},{"not_picked":["Headbutt+1","Sever Soul","Clothesline"],"picked":"SKIP","floor":31},{"not_picked":["Demon Form","Corruption"],"picked":"Fiend Fire","floor":33},{"not_picked":["Headbutt","Pummel","Dual Wield"],"picked":"SKIP","floor":35},{"not_picked":["Inflame","Carnage"],"picked":"Uppercut+1","floor":36},{"not_picked":["Rupture","Ghostly Armor+1","Anger+1"],"picked":"SKIP","floor":37},{"not_picked":["Mind Blast","The Bomb"],"picked":"Madness","floor":39},{"not_picked":["Body Slam","Hemokinesis","Infernal Blade"],"picked":"SKIP","floor":41},{"not_picked":["Perfected Strike","Dropkick","Uppercut+1"],"picked":"SKIP","floor":42},{"not_picked":["Thunderclap","Brutality","Body Slam"],"picked":"SKIP","floor":44},{"not_picked":["Searing Blow","Clothesline","Havoc+1"],"picked":"SKIP","floor":45},{"not_picked":["Double Tap","Ghostly Armor+1","Second Wind"],"picked":"SKIP","floor":46}],"player_experience":19810,"relics_obtained":[{"floor":6.0,"key":"White Beast Statue"},{"floor":8.0,"key":"Kunai"},{"floor":9.0,"key":"Toy Ornithopter"},{"floor":11.0,"key":"Bronze Scales"},{"floor":14.0,"key":"Nunchaku"},{"floor":23,"key":"Meat on the Bone"},{"floor":25,"key":"Orichalcum"},{"floor":27,"key":"Bottled Lightning"},{"floor":29,"key":"Gremlin Horn"},{"floor":42,"key":"Anchor"},{"floor":43,"key":"Lantern"},{"floor":44,"key":"MealTicket"},{"floor":46,"key":"Darkstone Periapt"}],"event_choices":[{"damage_healed":0.0,"max_hp_gain":0.0,"max_hp_loss":0.0,"gold_gain":0.0,"event_name":"Liars Game","player_choice":"Ignored","floor":3.0,"gold_loss":0.0,"damage_taken":0.0},{"damage_healed":0.0,"max_hp_gain":0.0,"max_hp_loss":7.0,"gold_gain":0.0,"event_name":"Golden Idol","player_choice":"Lose Max HP","floor":5.0,"gold_loss":0.0,"damage_taken":0.0,"relics_obtained":["Golden Idol"]},{"damage_healed":0.0,"max_hp_gain":0.0,"max_hp_loss":0.0,"gold_gain":0.0,"event_name":"Accursed Blacksmith","player_choice":"Forge","floor":20.0,"gold_loss":0.0,"damage_taken":0.0,"cards_upgraded":["Pommel Strike"]},{"damage_healed":0,"gold_gain":0,"player_choice":"Ignored","damage_taken":0,"max_hp_gain":0,"max_hp_loss":0,"event_name":"The Mausoleum","floor":24,"gold_loss":0},{"damage_healed":0,"gold_gain":0,"player_choice":"Memory 2","damage_taken":5,"max_hp_gain":0,"max_hp_loss":0,"event_name":"SensoryStone","floor":39,"gold_loss":0},{"damage_healed":0,"gold_gain":0,"player_choice":"1 cards matched","damage_taken":0,"max_hp_gain":0,"max_hp_loss":0,"event_name":"Match and Keep!","floor":48,"gold_loss":0,"cards_obtained":["Rampage"]}],"is_beta":false,"boss_relics":[{"not_picked":["Runic Cube","Astrolabe"],"picked":"Snecko Eye"},{"not_picked":["Tiny House","Philosopher\u0027s Stone"],"picked":"Coffee Dripper"}],"items_purged_floors":[21,22,38,47],"is_endless":false,"potions_floor_spawned":[1,6,11,13,14,16,18,19,23,25,27,28,29,30,31,33,35,36,37,41,42,44,45,46],"killed_by":"Time Eater","ascension_level":20}