{"gold_per_floor":[109,125,141,161,161,161,196,196,219,244,244,254,284,284,284,356,356,375,28,39,58,73,73,101,26,72,105,105,139,156,156,156,156],"floor_reached":33,"playtime":2115,"items_purged":["Strike_R"],"score":725,"play_id":"e710cd6c-b716-4840-a8a6-a0cddaf2f373","local_time":"20230820160023","is_ascension_mode":true,"campfire_choices":[{"data":"Immolate","floor":6.0,"key":"SMITH"},{"data":"Twin Strike","floor":8.0,"key":"SMITH"},{"floor":11.0,"key":"REST"},{"data":"Trip","floor":15.0,"key":"SMITH"},{"data":"Battle Trance","floor":23.0,"key":"SMITH"},{"data":"Sever Soul","floor":28.0,"key":"SMITH"},{"data":"Power Through","floor":32,"key":"SMITH"}],"neow_cost":"NONE","seed_source_timestamp":120393485500,"circlet_count":0,"master_deck":["AscendersBane","Strike_R","Strike_R","Strike_R","Defend_R","Defend_R","Defend_R","Defend_R","Bash","Trip+1","Twin Strike+1","Immolate+1","Shrug It Off","Bloodletting","Reaper","Cleave","Warcry","Feed","Seeing Red+1","Rage+1","Battle Trance+1","Sever Soul+1","Power Through+1"],"special_seed":0,"relics":["Burning Blood","Anchor","Oddly Smooth Stone","Lantern","Coffee Dripper","Pocketwatch","Du-Vu Doll","Tiny Chest","Potion Belt","Happy Flower"],"potions_floor_usage":[30],"damage_taken":[{"damage":10.0,"enemies":"Small Slimes","floor":1.0,"turns":5.0},{"damage":2.0,"enemies":"2 Louse","floor":2.0,"turns":2.0},{"damage":0.0,"enemies":"Cultist","floor":3.0,"turns":2.0},{"damage":12.0,"enemies":"Large Slime","floor":4.0,"turns":5.0},{"damage":39.0,"enemies":"Gremlin Nob","floor":7.0,"turns":4.0},{"damage":17.0,"enemies":"3 Sentries","floor":10.0,"turns":4.0},{"damage":0.0,"enemies":"Looter","floor":12.0,"turns":2.0},{"damage":0.0,"enemies":"Lagavulin","floor":13.0,"turns":3.0},{"damage":34.0,"enemies":"Slime Boss","floor":16.0,"turns":8.0},{"damage":18.0,"enemies":"Chosen","floor":18.0,"turns":4.0},{"damage":6.0,"enemies":"2 Thieves","floor":20.0,"turns":3.0},{"damage":20.0,"enemies":"Cultist and Chosen","floor":21.0,"turns":5.0},{"damage":30.0,"enemies":"Sentry and Sphere","floor":22.0,"turns":7.0},{"damage":2.0,"enemies":"Gremlin Leader","floor":24.0,"turns":6.0},{"damage":16.0,"enemies":"Slavers","floor":27.0,"turns":4.0},{"damage":19,"enemies":"Book of Stabbing","floor":29,"turns":4},{"damage":6,"enemies":"Chosen and Byrds","floor":30,"turns":4},{"damage":82,"enemies":"Collector","floor":33,"turns":7}],"seed_played":"-8585836270918874660","potions_obtained":[{"floor":4.0,"key":"SmokeBomb"},{"floor":10.0,"key":"AttackPotion"},{"floor":16.0,"key":"LiquidBronze"},{"floor":18.0,"key":"Fruit Juice"},{"floor":22.0,"key":"SpeedPotion"},{"floor":27.0,"key":"Energy Potion"},{"floor":29,"key":"Block Potion"}],"is_trial":false,"path_per_floor":["M","M","M","M","?","R","E","R","T","E","R","M","E","?","R","B",null,"M","$","M","M","M","R","E","$","T","E","R","E","M","?","R","B"],"character_chosen":"IRONCLAD","basemod:card_modifiers":[null,null,null,null,null,null,null,null,null,null,null,null,null,null,null,null,null,null,null,null,null,null,null],"items_purchased":["Pocketwatch"],"campfire_rested":1,"item_purchase_floors":[19],"current_hp_per_floor":[64,68,74,68,68,68,35,35,35,24,46,52,58,58,58,36,65,62,62,69,64,48,48,73,73,73,81,81,71,79,79,79,0],"gold":156,"neow_bonus":"RANDOM_COLORLESS","is_prod":false,"is_daily":false,"chose_seed":false,"campfire_upgraded":6,"win_rate":0,"timestamp":1692561623,"path_taken":["M","M","M","M","?","R","E","R","T","E","R","M","E","?","R","BOSS","M","$","M","M","M","R","E","$","T","E","R","E","?","?","R","BOSS"],"build_version":"2022-12-01","purchased_purges":1,"victory":false,"max_hp_per_floor":[75,75,75,75,75,75,75,75,75,75,75,75,75,75,75,75,75,78,78,81,84,92,92,95,95,95,98,98,101,104,104,104,104],"card_choices":[{"not_picked":["Good Instincts","Dark Shackles"],"picked":"Trip","floor":0.0},{"not_picked":["Warcry","Rupture"],"picked":"Twin Strike","floor":1.0},{"not_picked":["Armaments","Rage"],"picked":"Immolate","floor":2.0},{"not_picked":["Warcry","Rupture"],"picked":"Shrug It Off","floor":3.0},{"not_picked":["Metallicize","Heavy Blade","Thunderclap"],"picked":"SKIP","floor":4.0},{"not_picked":["Sword Boomerang","Heavy Blade"],"picked":"Bloodletting","floor":7.0},{"not_picked":["Uppercut","Iron Wave"],"picked":"Reaper","floor":10.0},{"not_picked":["True Grit","Wild Strike","Dropkick"],"picked":"SKIP","floor":12.0},{"not_picked":["Carnage","Headbutt"],"picked":"Cleave","floor":13.0},{"not_picked":["Juggernaut","Immolate"],"picked":"Feed","floor":16.0},{"not_picked":["Cleave","Thunderclap","Sentinel"],"picked":"SKIP","floor":18.0},{"not_picked":["Clash","Rage"],"picked":"Seeing Red+1","floor":20.0},{"not_picked":["Feel No Pain","Cleave"],"picked":"Rage+1","floor":21.0},{"not_picked":["Thunderclap","Evolve"],"picked":"Battle Trance","floor":22.0},{"not_picked":["Bludgeon","Whirlwind","Thunderclap"],"picked":"SKIP","floor":24.0},{"not_picked":["Twin Strike","Perfected Strike"],"picked":"Sever Soul","floor":27.0},{"not_picked":["Dual Wield","Intimidate","Thunderclap"],"picked":"SKIP","floor":29},{"not_picked":["Dual Wield","Intimidate","Thunderclap"],"picked":"SKIP","floor":29},{"not_picked":["Feed","Flex","Wild Strike"],"picked":"SKIP","floor":30}],"player_experience":34723,"relics_obtained":[{"floor":7.0,"key":"Anchor"},{"floor":10.0,"key":"Oddly Smooth Stone"},{"floor":13.0,"key":"Lantern"},{"floor":24.0,"key":"Du-Vu Doll"},{"floor":26.0,"key":"Tiny Chest"},{"floor":27.0,"key":"Potion Belt"},{"floor":29,"key":"Happy Flower"}],"event_choices":[{"damage_healed":0.0,"max_hp_gain":0.0,"max_hp_loss":0.0,"gold_gain":0.0,"event_name":"Liars Game","player_choice":"Ignored","floor":5.0,"gold_loss":0.0,"damage_taken":0.0},{"damage_healed":0.0,"max_hp_gain":0.0,"max_hp_loss":0.0,"gold_gain":0.0,"cards_transformed":["Strike_R"],"event_name":"Transmorgrifier","player_choice":"Transformed","floor":14.0,"gold_loss":0.0,"damage_taken":0.0,"cards_obtained":["Warcry"]},{"damage_healed":0,"gold_gain":0,"player_choice":"Read","damage_taken":0,"max_hp_gain":0,"max_hp_loss":0,"event_name":"The Library","floor":31,"gold_loss":0,"cards_obtained":["Power Through"]}],"is_beta":false,"boss_relics":[{"not_picked":["Pandora\u0027s Box","Empty Cage"],"picked":"Coffee Dripper"}],"items_purged_floors":[25],"is_endless":false,"potions_floor_spawned":[4,10,16,18,22,27,29],"killed_by":"Collector","ascension_level":20}