{"gold_per_floor":[113,188,203,203,223,223,241,241,241,274,324,342,360,390,390,468,468,478,491,501,350,112,112,125,125],"floor_reached":25,"playtime":1488,"items_purged":["Strike_R","Strike_R"],"score":430,"play_id":"bfbc1a22-f2d2-401d-a3bc-f9810a21a35f","local_time":"20230817231440","is_ascension_mode":true,"campfire_choices":[{"data":"Twin Strike","floor":6,"key":"SMITH"},{"data":"Bash","floor":8,"key":"SMITH"},{"data":"Uppercut","floor":15,"key":"SMITH"},{"data":"Flame Barrier","floor":23,"key":"SMITH"}],"neow_cost":"NONE","seed_source_timestamp":99411725413791,"circlet_count":0,"master_deck":["AscendersBane","Strike_R","Strike_R","Strike_R","Defend_R","Defend_R","Defend_R","Defend_R","Bash+1","Swift Strike","Headbutt","Spot Weakness","Twin Strike+1","Fire Breathing","Uppercut+1","Cleave","Evolve","Corruption","Reckless Charge","Flame Barrier+1","Feel No Pain","Reaper"],"relics":["Burning Blood","Meat on the Bone","Sundial","Potion Belt","WingedGreaves","Runic Dome"],"potions_floor_usage":[10,14,16,19,25],"damage_taken":[{"damage":10,"enemies":"Small Slimes","floor":1,"turns":3},{"damage":1,"enemies":"Cultist","floor":3,"turns":3},{"damage":7,"enemies":"Jaw Worm","floor":5,"turns":2},{"damage":12,"enemies":"Lots of Slimes","floor":7,"turns":5},{"damage":30,"enemies":"Lagavulin","floor":10,"turns":5},{"damage":35,"enemies":"Exordium Thugs","floor":12,"turns":5},{"damage":11,"enemies":"Blue Slaver","floor":13,"turns":3},{"damage":25,"enemies":"3 Sentries","floor":14,"turns":4},{"damage":20,"enemies":"Hexaghost","floor":16,"turns":7},{"damage":7,"enemies":"Chosen","floor":18,"turns":5},{"damage":46,"enemies":"2 Thieves","floor":19,"turns":4},{"damage":22,"enemies":"Centurion and Healer","floor":20,"turns":5},{"damage":42,"enemies":"Snake Plant","floor":24,"turns":5},{"damage":44,"enemies":"Slavers","floor":25,"turns":2}],"seed_played":"1712887705463736057","potions_obtained":[{"floor":3,"key":"Strength Potion"},{"floor":10,"key":"FairyPotion"},{"floor":12,"key":"GamblersBrew"},{"floor":14,"key":"DistilledChaos"},{"floor":18,"key":"ColorlessPotion"}],"is_trial":false,"path_per_floor":["M","?","M","?","M","R","M","R","T","E","?","M","M","E","R","B",null,"M","M","M","$","$","R","M","E"],"character_chosen":"IRONCLAD","basemod:card_modifiers":[null,null,null,null,null,null,null,null,null,null,null,null,null,null,null,null,null,null,null,null,null,null],"items_purchased":["Flame Barrier","Feel No Pain","PowerPotion"],"campfire_rested":0,"item_purchase_floors":[21,22,22],"current_hp_per_floor":[64,53,58,58,57,57,51,51,51,39,39,22,29,22,22,20,61,60,32,28,28,28,28,32,0],"gold":125,"neow_bonus":"RANDOM_COLORLESS","is_prod":false,"is_daily":false,"chose_seed":false,"campfire_upgraded":4,"win_rate":0,"timestamp":1692328480,"path_taken":["M","?","M","?","M","R","?","R","T","E","?","M","M","E","R","BOSS","M","M","M","$","$","R","?","E"],"build_version":"2022-12-01","purchased_purges":2,"victory":false,"max_hp_per_floor":[75,75,75,75,75,75,75,75,75,75,75,75,75,75,75,75,75,75,75,75,75,75,75,75,75],"card_choices":[{"not_picked":["Blind","Mind Blast"],"picked":"Swift Strike","floor":0},{"not_picked":["Sword Boomerang","Wild Strike"],"picked":"Headbutt","floor":1},{"not_picked":["Armaments","Bloodletting"],"picked":"Spot Weakness","floor":3},{"not_picked":["True Grit","Second Wind"],"picked":"Twin Strike","floor":5},{"not_picked":["Body Slam","Sword Boomerang"],"picked":"Fire Breathing","floor":7},{"not_picked":["Dark Embrace","Offering"],"picked":"Uppercut","floor":10},{"not_picked":["Intimidate","Warcry","Feel No Pain"],"picked":"SKIP","floor":12},{"not_picked":["Warcry","Sword Boomerang"],"picked":"Cleave","floor":13},{"not_picked":["Berserk","Thunderclap"],"picked":"Evolve","floor":14},{"not_picked":["Feed","Demon Form"],"picked":"Corruption","floor":16},{"not_picked":["Body Slam","Inflame","Clothesline"],"picked":"SKIP","floor":18},{"not_picked":["Rage","Wild Strike"],"picked":"Reckless Charge","floor":19},{"not_picked":["Havoc","Anger+1","Intimidate"],"picked":"SKIP","floor":20},{"not_picked":["Bloodletting","Heavy Blade+1"],"picked":"Reaper","floor":24}],"player_experience":62570,"relics_obtained":[{"floor":4,"key":"Meat on the Bone"},{"floor":9,"key":"Sundial"},{"floor":10,"key":"Potion Belt"},{"floor":14,"key":"WingedGreaves"}],"event_choices":[{"damage_healed":0,"gold_gain":75,"player_choice":"Gather Gold","damage_taken":11,"max_hp_gain":0,"max_hp_loss":0,"event_name":"World of Goop","floor":2,"gold_loss":0},{"damage_healed":0,"gold_gain":0,"player_choice":"Relic","damage_taken":0,"max_hp_gain":0,"max_hp_loss":0,"event_name":"Wheel of Change","floor":4,"gold_loss":0},{"damage_healed":0,"gold_gain":50,"player_choice":"Pray","damage_taken":0,"max_hp_gain":0,"max_hp_loss":0,"event_name":"Golden Shrine","floor":11,"gold_loss":0}],"is_beta":false,"boss_relics":[{"not_picked":["SacredBark","Calling Bell"],"picked":"Runic Dome"}],"items_purged_floors":[21,22],"is_endless":false,"potions_floor_spawned":[3,10,12,14,18],"killed_by":"Slavers","ascension_level":20}