{"gold_per_floor":[368,384,10,27,27,27,56,56,106,106,106,140,151,163,163,242,242,260,278,52,52],"floor_reached":21,"playtime":1412,"items_purged":["Strike_R"],"score":378,"play_id":"ac56c661-ddd1-4a38-9824-01aef50a7da3","local_time":"20230820105335","is_ascension_mode":true,"campfire_choices":[{"data":"Sever Soul","floor":6,"key":"SMITH"},{"data":"Wild Strike","floor":8,"key":"SMITH"},{"data":"Cleave","floor":11,"key":"SMITH"},{"data":"Bash","floor":15,"key":"SMITH"}],"neow_cost":"TEN_PERCENT_HP_LOSS","seed_source_timestamp":2530685280916,"circlet_count":0,"master_deck":["AscendersBane","Strike_R","Strike_R","Strike_R","Strike_R","Defend_R","Defend_R","Defend_R","Defend_R","Bash+1","Anger","Cleave+1","Fire Breathing","Sever Soul+1","Wild Strike+1","Shrug It Off","Headbutt","Disarm","Feed","Disarm+1","Flame Barrier"],"special_seed":0,"relics":["Burning Blood","PreservedInsect","MealTicket","Ancient Tea Set","Happy Flower","Pen Nib","Black Star","Bag of Preparation"],"potions_floor_usage":[16,19,21],"damage_taken":[{"damage":14.0,"enemies":"Jaw Worm","floor":1.0,"turns":3.0},{"damage":6,"enemies":"Cultist","floor":2,"turns":3},{"damage":6,"enemies":"2 Louse","floor":4,"turns":2},{"damage":8,"enemies":"Gremlin Nob","floor":7,"turns":3},{"damage":5,"enemies":"3 Sentries","floor":12,"turns":4},{"damage":11,"enemies":"2 Fungi Beasts","floor":13,"turns":3},{"damage":8,"enemies":"Large Slime","floor":14,"turns":4},{"damage":31,"enemies":"Slime Boss","floor":16,"turns":5},{"damage":31,"enemies":"Shell Parasite","floor":18,"turns":5},{"damage":39,"enemies":"Chosen","floor":19,"turns":6},{"damage":26,"enemies":"Shelled Parasite and Fungi","floor":21,"turns":3}],"seed_played":"6262013545145801637","potions_obtained":[{"floor":2,"key":"Dexterity Potion"},{"floor":4,"key":"SpeedPotion"},{"floor":12,"key":"ElixirPotion"},{"floor":14,"key":"Fruit Juice"},{"floor":19,"key":"LiquidBronze"}],"is_trial":false,"path_per_floor":["M","M","$","M","?","R","E","R","T","?","R","E","M","M","R","B",null,"M","M","$","M"],"character_chosen":"IRONCLAD","basemod:card_modifiers":[null,null,null,null,null,null,null,null,null,null,null,null,null,null,null,null,null,null,null,null,null],"items_purchased":["PreservedInsect","Fire Breathing","Sever Soul","Bag of Preparation","Fire Potion"],"campfire_rested":0,"item_purchase_floors":[3,3,3,20,20],"current_hp_per_floor":[60,60,60,60,65,65,63,63,63,63,63,64,59,57,57,32,63,38,10,25,2],"gold":52,"neow_bonus":"TWO_FIFTY_GOLD","is_prod":false,"is_daily":false,"chose_seed":false,"campfire_upgraded":4,"win_rate":0,"timestamp":1692543215,"path_taken":["M","M","$","M","?","R","E","R","T","?","R","E","?","M","R","BOSS","M","M","$","M"],"build_version":"2022-12-01","purchased_purges":1,"victory":false,"max_hp_per_floor":[68,68,68,68,73,73,73,73,73,73,73,73,73,73,73,73,73,73,78,78,81],"card_choices":[{"not_picked":["Pummel","Warcry"],"picked":"Anger","floor":1},{"not_picked":["Clothesline","Armaments"],"picked":"Cleave","floor":2},{"not_picked":["Warcry","Iron Wave","Blood for Blood"],"picked":"SKIP","floor":4},{"not_picked":["Rupture","Second Wind"],"picked":"Wild Strike","floor":7},{"not_picked":["Flex","Hemokinesis"],"picked":"Shrug It Off","floor":12},{"not_picked":["Armaments","Uppercut"],"picked":"Headbutt","floor":13},{"not_picked":["Cleave","Flex"],"picked":"Disarm","floor":14},{"not_picked":["Barricade","Offering"],"picked":"Feed","floor":16},{"not_picked":["Dark Embrace","Feel No Pain"],"picked":"Disarm+1","floor":18},{"not_picked":["Shrug It Off","Warcry"],"picked":"Flame Barrier","floor":19}],"player_experience":30726,"relics_obtained":[{"floor":7,"key":"MealTicket"},{"floor":9,"key":"Ancient Tea Set"},{"floor":12,"key":"Pen Nib"}],"event_choices":[{"damage_healed":0,"gold_gain":0,"player_choice":"Donut","damage_taken":0,"max_hp_gain":5,"max_hp_loss":0,"event_name":"Big Fish","floor":5,"gold_loss":0},{"damage_healed":0,"gold_gain":0,"player_choice":"Gave Potion","damage_taken":0,"relics_obtained":["Happy Flower"],"max_hp_gain":0,"max_hp_loss":0,"event_name":"WeMeetAgain","floor":10,"gold_loss":0}],"is_beta":false,"boss_relics":[{"not_picked":["Fusion Hammer","Calling Bell"],"picked":"Black Star"}],"items_purged_floors":[3],"is_endless":false,"potions_floor_spawned":[2,4,12,14,19],"killed_by":"Shelled Parasite and Fungi","ascension_level":20}