{"gold_per_floor":[115,115,127,142,192,192,217,217,294,328,328,346,373,392,392,466,466,441,162,162,162,194,206,236,275,355,401,513,525,462,501,513,599,611,635,647,263,288,307,342,342,373,373,403,403,417,427,447,447,447,447,447,447,56,85,85],"floor_reached":56,"playtime":4713,"items_purged":["Strike_R","Strike_R","Strike_R"],"score":2247,"play_id":"0e83324e-9c7b-4816-a25c-df81b91c1906","local_time":"20230824134547","is_ascension_mode":true,"campfire_choices":[{"data":"Twin Strike","floor":6.0,"key":"SMITH"},{"data":"Cleave","floor":8.0,"key":"SMITH"},{"data":"Sword Boomerang","floor":11.0,"key":"SMITH"},{"data":"Double Tap","floor":15.0,"key":"SMITH"},{"data":"Flame Barrier","floor":23.0,"key":"SMITH"},{"data":"Second Wind","floor":29.0,"key":"SMITH"},{"data":"Shrug It Off","floor":32.0,"key":"SMITH"},{"floor":41.0,"key":"RECALL"},{"data":"Bash","floor":49.0,"key":"SMITH"},{"data":"Disarm","floor":53.0,"key":"SMITH"}],"neow_cost":"NONE","seed_source_timestamp":65035340148375,"circlet_count":0,"master_deck":["AscendersBane","Strike_R","Defend_R","Defend_R","Defend_R","Defend_R","Bash+1","Flame Barrier+1","Demon Form","Twin Strike+1","Sword Boomerang+1","Cleave+1","Limit Break","Double Tap+1","Second Wind+1","Shrug It Off+1","Brutality","Inflame","Battle Trance","Reaper+1","Evolve","Disarm+1","Pummel+1","Pommel Strike+1","Rupture+1","Impervious","Power Through+1"],"special_seed":0,"relics":["Burning Blood","NeowsBlessing","Vajra","Eternal Feather","Blood Vial","Bird Faced Urn","Velvet Choker","Brimstone","MutagenicStrength","MawBank","Ornamental Fan","InkBottle","MealTicket","CaptainsWheel","Gremlin Horn","Molten Egg 2","Black Star","Pen Nib","Torii","Du-Vu Doll","Bag of Preparation","Darkstone Periapt","Question Card","Pantograph","The Courier","Bottled Lightning","Bag of Marbles","Incense Burner","Boot"],"potions_floor_usage":[56,56],"damage_taken":[{"damage":0.0,"enemies":"2 Louse","floor":1.0,"turns":1.0},{"damage":0.0,"enemies":"Cultist","floor":3.0,"turns":1.0},{"damage":0.0,"enemies":"Jaw Worm","floor":4.0,"turns":1.0},{"damage":0.0,"enemies":"Gremlin Nob","floor":7.0,"turns":2.0},{"damage":20.0,"enemies":"Lagavulin","floor":10.0,"turns":5.0},{"damage":23.0,"enemies":"Exordium Thugs","floor":12.0,"turns":3.0},{"damage":48.0,"enemies":"Gremlin Nob","floor":13.0,"turns":5.0},{"damage":6.0,"enemies":"Red Slaver","floor":14.0,"turns":3.0},{"damage":25.0,"enemies":"Hexaghost","floor":16.0,"turns":7.0},{"damage":10.0,"enemies":"2 Thieves","floor":18.0,"turns":4.0},{"damage":17.0,"enemies":"Shell Parasite","floor":22.0,"turns":2.0},{"damage":5.0,"enemies":"Snecko","floor":24.0,"turns":3.0},{"damage":0.0,"enemies":"Gremlin Leader","floor":25.0,"turns":4.0},{"damage":0.0,"enemies":"Slavers","floor":27.0,"turns":2.0},{"damage":25.0,"enemies":"Colosseum Slavers","floor":28.0,"turns":3.0},{"damage":5.0,"enemies":"Colosseum Nobs","floor":28.0,"turns":3.0},{"damage":18.0,"enemies":"Book of Stabbing","floor":31.0,"turns":4.0},{"damage":12.0,"enemies":"Automaton","floor":33.0,"turns":6.0},{"damage":15.0,"enemies":"3 Darklings","floor":35.0,"turns":5.0},{"damage":10.0,"enemies":"Mind Bloom Boss Battle","floor":38.0,"turns":5.0},{"damage":1.0,"enemies":"Orb Walker","floor":39.0,"turns":2.0},{"damage":1.0,"enemies":"Giant Head","floor":40.0,"turns":4.0},{"damage":19.0,"enemies":"Reptomancer","floor":42.0,"turns":4.0},{"damage":9.0,"enemies":"Nemesis","floor":44.0,"turns":3.0},{"damage":2.0,"enemies":"Sphere and 2 Shapes","floor":46.0,"turns":3.0},{"damage":14.0,"enemies":"Jaw Worm Horde","floor":47.0,"turns":2.0},{"damage":6.0,"enemies":"4 Shapes","floor":48.0,"turns":3.0},{"damage":42.0,"enemies":"Time Eater","floor":50.0,"turns":7.0},{"damage":87.0,"enemies":"Awakened One","floor":51.0,"turns":5.0},{"damage":75.0,"enemies":"Shield and Spear","floor":55.0,"turns":5.0},{"damage":74,"enemies":"The Heart","floor":56,"turns":3}],"seed_played":"-7525846363368862252","potions_obtained":[{"floor":1.0,"key":"Ancient Potion"},{"floor":4.0,"key":"SteroidPotion"},{"floor":7.0,"key":"DuplicationPotion"},{"floor":16.0,"key":"Weak Potion"},{"floor":22.0,"key":"PowerPotion"},{"floor":25.0,"key":"FearPotion"},{"floor":28.0,"key":"PowerPotion"},{"floor":38.0,"key":"Fire Potion"},{"floor":39.0,"key":"GamblersBrew"},{"floor":46.0,"key":"SteroidPotion"},{"floor":55.0,"key":"AttackPotion"}],"is_trial":false,"path_per_floor":["M","?","M","M","?","R","E","R","T","E","R","M","E","M","R","B",null,"M","$","?","T","M","R","M","E","T","E","?","R","?","E","R","B",null,"M","?","$","?","M","E","R","E","T","E","T","M","M","M","R","B","B",null,"R","$","E","B"],"character_chosen":"IRONCLAD","basemod:card_modifiers":[null,null,null,null,null,null,null,null,null,null,null,null,null,null,null,null,null,null,null,null,null,null,null,null,null,null,null],"items_purchased":["Brimstone","Inflame","Disarm","Pummel+1","Pen Nib","EntropicBrew","Bag of Marbles","Ancient Potion"],"campfire_rested":0,"item_purchase_floors":[19,19,37,37,37,54,54,54],"current_hp_per_floor":[74,74,75,75,75,75,75,75,75,61,70,55,15,17,29,14,60,60,60,60,60,51,63,68,75,75,75,67,75,75,69,75,70,74,74,71,71,71,71,71,71,66,66,71,71,71,71,71,71,71,31,61,71,71,48,0],"gold":85,"neow_bonus":"THREE_ENEMY_KILL","is_prod":false,"is_daily":false,"chose_seed":false,"campfire_upgraded":9,"win_rate":0,"timestamp":1692899147,"path_taken":["M","?","M","?","?","R","E","R","T","E","R","M","E","M","R","BOSS","M","$","?","?","?","R","M","E","T","E","?","R","?","E","R","BOSS","M","?","$","?","M","E","R","E","T","E","?","M","M","M","R","BOSS","BOSS","R","$","E","BOSS"],"build_version":"2022-12-01","purchased_purges":3,"victory":false,"max_hp_per_floor":[75,75,75,75,75,75,75,75,75,75,75,75,75,75,75,75,75,75,75,75,75,75,75,75,75,75,75,75,75,75,75,75,75,75,75,71,71,71,71,71,71,71,71,71,71,71,71,71,71,71,71,71,71,71,71,71],"card_choices":[{"not_picked":["Wild Strike","Clothesline"],"picked":"Flame Barrier","floor":1.0},{"not_picked":["Armaments","Sever Soul"],"picked":"Sword Boomerang","floor":3.0},{"not_picked":["Heavy Blade","Shrug It Off"],"picked":"Cleave","floor":4.0},{"not_picked":["Armaments","Blood for Blood"],"picked":"Limit Break","floor":7.0},{"not_picked":["Twin Strike","Carnage"],"picked":"Double Tap","floor":10.0},{"not_picked":["Headbutt","Perfected Strike","Clash"],"picked":"SKIP","floor":12.0},{"not_picked":["Anger","Havoc"],"picked":"Second Wind","floor":13.0},{"not_picked":["Cleave","Entrench"],"picked":"Shrug It Off","floor":14.0},{"not_picked":["Exhume","Barricade"],"picked":"Brutality","floor":16.0},{"not_picked":["Warcry","Flex","Blood for Blood+1"],"picked":"SKIP","floor":18.0},{"not_picked":["Perfected Strike","Clash"],"picked":"Battle Trance","floor":22.0},{"not_picked":["Reckless Charge","Entrench+1","Bloodletting"],"picked":"SKIP","floor":24.0},{"not_picked":["Berserk","Pommel Strike","Second Wind"],"picked":"SKIP","floor":25.0},{"not_picked":["Headbutt","Juggernaut","Heavy Blade"],"picked":"SKIP","floor":27.0},{"not_picked":["Blood for Blood+1","Rupture+1","Cleave+1"],"picked":"SKIP","floor":31.0},{"not_picked":["Double Tap","Corruption"],"picked":"Reaper+1","floor":33.0},{"not_picked":["Armaments","Thunderclap+1"],"picked":"Evolve","floor":35.0},{"not_picked":["Dual Wield+1","Armaments"],"picked":"Pommel Strike+1","floor":39.0},{"not_picked":["Twin Strike+1","Flex"],"picked":"Rupture+1","floor":40.0},{"not_picked":["Wild Strike+1","Perfected Strike+1","Whirlwind+1"],"picked":"SKIP","floor":42.0},{"not_picked":["Infernal Blade+1","Combust+1","Blood for Blood+1","Reckless Charge+1"],"picked":"SKIP","floor":44.0},{"not_picked":["Clash+1","Cleave+1","Dropkick+1"],"picked":"Impervious","floor":46.0},{"not_picked":["Iron Wave+1","Cleave+1","Pummel+1","Body Slam+1"],"picked":"SKIP","floor":47.0},{"not_picked":["Bloodletting+1","Metallicize","True Grit+1","Evolve"],"picked":"SKIP","floor":48.0},{"not_picked":["Bludgeon+1","Shrug It Off","Double Tap"],"picked":"Power Through+1","floor":55.0}],"player_experience":73341,"relics_obtained":[{"floor":7.0,"key":"Vajra"},{"floor":9.0,"key":"Eternal Feather"},{"floor":10.0,"key":"Blood Vial"},{"floor":13.0,"key":"Bird Faced Urn"},{"floor":21.0,"key":"MawBank"},{"floor":25.0,"key":"Ornamental Fan"},{"floor":26.0,"key":"InkBottle"},{"floor":27.0,"key":"MealTicket"},{"floor":28.0,"key":"CaptainsWheel"},{"floor":28.0,"key":"Gremlin Horn"},{"floor":31.0,"key":"Molten Egg 2"},{"floor":38.0,"key":"Torii"},{"floor":40.0,"key":"Du-Vu Doll"},{"floor":40.0,"key":"Bag of Preparation"},{"floor":42.0,"key":"Darkstone Periapt"},{"floor":42.0,"key":"Question Card"},{"floor":44.0,"key":"Pantograph"},{"floor":44.0,"key":"The Courier"},{"floor":45.0,"key":"Bottled Lightning"},{"floor":55.0,"key":"Incense Burner"},{"floor":55.0,"key":"Boot"}],"event_choices":[{"damage_healed":0.0,"max_hp_gain":0.0,"max_hp_loss":0.0,"gold_gain":0.0,"event_name":"Match and Keep!","player_choice":"2 cards matched","floor":2.0,"gold_loss":0.0,"damage_taken":0.0,"cards_obtained":["Demon Form","Twin Strike"]},{"damage_healed":0.0,"max_hp_gain":0.0,"max_hp_loss":0.0,"gold_gain":50.0,"event_name":"Golden Shrine","player_choice":"Pray","floor":5.0,"gold_loss":0.0,"damage_taken":0.0},{"damage_healed":0.0,"max_hp_gain":0.0,"max_hp_loss":0.0,"gold_gain":0.0,"event_name":"Drug Dealer","player_choice":"Inject Mutagens","floor":20.0,"gold_loss":0.0,"damage_taken":0.0,"relics_obtained":["MutagenicStrength"]},{"damage_healed":0.0,"max_hp_gain":0.0,"max_hp_loss":0.0,"gold_gain":0.0,"event_name":"Colosseum","player_choice":"Fight","floor":28.0,"gold_loss":0.0,"damage_taken":0.0},{"damage_healed":0.0,"max_hp_gain":0.0,"max_hp_loss":0.0,"gold_gain":0.0,"event_name":"Colosseum","player_choice":"Fought Nobs","floor":28.0,"gold_loss":0.0,"damage_taken":0.0},{"cards_removed":["Strike_R"],"damage_healed":0.0,"max_hp_gain":0.0,"max_hp_loss":0.0,"gold_gain":0.0,"event_name":"Beggar","player_choice":"Gave Gold","floor":30.0,"gold_loss":75.0,"damage_taken":0.0},{"damage_healed":0.0,"max_hp_gain":0.0,"max_hp_loss":4.0,"gold_gain":0.0,"event_name":"Winding Halls","player_choice":"Max HP","floor":36.0,"gold_loss":0.0,"damage_taken":0.0},{"damage_healed":0.0,"max_hp_gain":0.0,"max_hp_loss":0.0,"gold_gain":0.0,"event_name":"MindBloom","player_choice":"Fight","floor":38.0,"gold_loss":0.0,"damage_taken":0.0}],"is_beta":false,"boss_relics":[{"not_picked":["Tiny House","Calling Bell"],"picked":"Velvet Choker"},{"not_picked":["Pandora\u0027s Box","Busted Crown"],"picked":"Black Star"}],"items_purged_floors":[19,37,54],"is_endless":false,"potions_floor_spawned":[1,4,7,16,22,25,28,28,38,39,46,48,55],"killed_by":"The Heart","ascension_level":20}