{"gold_per_floor":[20,35,49,49,63,96,96,128,128,128,147,159,187,222,222,296,296,248,133,133,183,193,222,222,250,274,274,285,285],"floor_reached":29,"playtime":2062,"items_purged":["Strike_R"],"score":566,"play_id":"bb2904ff-587f-45fc-a588-c1e9bbd4c69a","local_time":"20230819011657","is_ascension_mode":true,"campfire_choices":[{"data":"Bludgeon","floor":7,"key":"SMITH"},{"floor":10,"key":"REST"},{"data":"Flame Barrier","floor":15,"key":"SMITH"},{"floor":24,"key":"REST"}],"neow_cost":"NO_GOLD","seed_source_timestamp":6390136343541,"circlet_count":0,"master_deck":["AscendersBane","Strike_R+1","Strike_R+1","Defend_R+1","Defend_R+1","Defend_R+1","Defend_R+1","Bash","Bludgeon+1","Headbutt","Evolve","Thunderclap","Flame Barrier+1","Shrug It Off","Brutality","Metallicize","Disarm","Corruption","Sentinel","Whirlwind","Whirlwind","Sword Boomerang","Disarm+1"],"relics":["Burning Blood","Incense Burner","Singing Bowl","Odd Mushroom","StoneCalendar","SacredBark","Charon\u0027s Ashes","Strawberry","Blood Vial"],"potions_floor_usage":[6,13,16,22,23,25],"damage_taken":[{"damage":6,"enemies":"2 Louse","floor":1,"turns":3},{"damage":2,"enemies":"Jaw Worm","floor":2,"turns":3},{"damage":6,"enemies":"Cultist","floor":3,"turns":3},{"damage":10,"enemies":"Large Slime","floor":5,"turns":4},{"damage":8,"enemies":"Gremlin Nob","floor":6,"turns":3},{"damage":35,"enemies":"Lagavulin","floor":8,"turns":7},{"damage":4,"enemies":"Looter","floor":11,"turns":4},{"damage":10,"enemies":"3 Louse","floor":12,"turns":5},{"damage":1,"enemies":"The Mushroom Lair","floor":13,"turns":5},{"damage":12,"enemies":"Gremlin Nob","floor":14,"turns":4},{"damage":30,"enemies":"Hexaghost","floor":16,"turns":7},{"damage":31,"enemies":"2 Thieves","floor":18,"turns":5},{"damage":13,"enemies":"3 Byrds","floor":22,"turns":3},{"damage":12,"enemies":"Book of Stabbing","floor":23,"turns":5},{"damage":29,"enemies":"Gremlin Leader","floor":25,"turns":7},{"damage":23,"enemies":"3 Cultists","floor":28,"turns":5},{"damage":33,"enemies":"Slavers","floor":29,"turns":4}],"seed_played":"3771561054429128640","potions_obtained":[{"floor":3,"key":"BlessingOfTheForge"},{"floor":11,"key":"SkillPotion"},{"floor":12,"key":"PowerPotion"},{"floor":13,"key":"PowerPotion"},{"floor":14,"key":"FearPotion"},{"floor":18,"key":"LiquidBronze"},{"floor":22,"key":"LiquidMemories"}],"is_trial":false,"path_per_floor":["M","M","M","?","M","E","R","E","T","R","M","M","?","E","R","B",null,"M","$","?","?","M","E","R","E","T","?","M","E"],"character_chosen":"IRONCLAD","basemod:card_modifiers":[null,null,null,null,null,null,null,null,null,null,null,null,null,null,null,null,null,null,null,null,null,null,null],"items_purchased":["Whirlwind"],"campfire_rested":2,"item_purchase_floors":[19],"current_hp_per_floor":[68,72,72,72,68,66,66,37,37,59,61,57,62,58,58,34,66,41,41,41,41,34,30,53,39,39,39,26,0],"gold":285,"neow_bonus":"THREE_RARE_CARDS","is_prod":false,"is_daily":false,"chose_seed":false,"campfire_upgraded":2,"win_rate":0,"timestamp":1692422217,"path_taken":["M","M","M","?","M","E","R","E","T","R","M","M","?","E","R","BOSS","M","$","?","?","?","E","R","E","T","?","M","E"],"build_version":"2022-12-01","purchased_purges":1,"victory":false,"max_hp_per_floor":[75,75,75,75,75,75,75,75,75,75,75,75,75,77,77,77,77,77,77,77,77,77,79,79,88,88,88,90,90],"card_choices":[{"not_picked":["Barricade","Double Tap"],"picked":"Bludgeon","floor":0},{"not_picked":["Shrug It Off","Iron Wave"],"picked":"Headbutt","floor":1},{"not_picked":["Clash","Armaments"],"picked":"Evolve","floor":2},{"not_picked":["Warcry","Anger"],"picked":"Thunderclap","floor":3},{"not_picked":["Flex","Headbutt","Clash"],"picked":"SKIP","floor":5},{"not_picked":["Sword Boomerang","Clash"],"picked":"Flame Barrier","floor":6},{"not_picked":["Feel No Pain","Anger"],"picked":"Shrug It Off","floor":8},{"not_picked":["Perfected Strike","Heavy Blade"],"picked":"Brutality","floor":11},{"not_picked":["Dropkick","Warcry"],"picked":"Metallicize","floor":12},{"not_picked":["Rampage","Rupture"],"picked":"Disarm","floor":13},{"not_picked":["Perfected Strike","Brutality","Searing Blow"],"picked":"Singing Bowl","floor":14},{"not_picked":["Berserk","Demon Form"],"picked":"Corruption","floor":16},{"not_picked":["Havoc","Second Wind"],"picked":"Sentinel","floor":18},{"not_picked":["Havoc","Wild Strike"],"picked":"Disarm+1","floor":22},{"not_picked":["Bloodletting","Rage","Flame Barrier"],"picked":"Singing Bowl","floor":23},{"not_picked":["Brutality","Wild Strike","Anger"],"picked":"Singing Bowl","floor":25},{"not_picked":["Metallicize","Headbutt","Body Slam"],"picked":"Singing Bowl","floor":28}],"player_experience":15786,"relics_obtained":[{"floor":6,"key":"Incense Burner"},{"floor":8,"key":"Singing Bowl"},{"floor":13,"key":"Odd Mushroom"},{"floor":14,"key":"StoneCalendar"},{"floor":23,"key":"Charon\u0027s Ashes"},{"floor":25,"key":"Strawberry"},{"floor":26,"key":"Blood Vial"}],"event_choices":[{"damage_healed":0,"gold_gain":0,"player_choice":"Leave","damage_taken":0,"max_hp_gain":0,"max_hp_loss":0,"event_name":"The Cleric","floor":4,"gold_loss":0},{"damage_healed":0,"gold_gain":0,"player_choice":"Fought Mushrooms","damage_taken":0,"max_hp_gain":0,"max_hp_loss":0,"event_name":"Mushrooms","floor":13,"gold_loss":0},{"damage_healed":0,"gold_gain":0,"cards_transformed":["Strike_R","Strike_R"],"player_choice":"Became Test Subject","damage_taken":0,"max_hp_gain":0,"max_hp_loss":0,"event_name":"Drug Dealer","floor":20,"gold_loss":0,"cards_obtained":["Whirlwind","Sword Boomerang"]},{"damage_healed":0,"gold_gain":50,"player_choice":"Stole From Cult","damage_taken":0,"max_hp_gain":0,"max_hp_loss":0,"event_name":"Nest","floor":21,"gold_loss":0},{"damage_healed":0,"gold_gain":0,"player_choice":"Simplicity","damage_taken":0,"max_hp_gain":0,"max_hp_loss":0,"event_name":"Back to Basics","floor":27,"gold_loss":0,"cards_upgraded":["Strike_R","Strike_R","Defend_R","Defend_R","Defend_R","Defend_R"]}],"is_beta":false,"boss_relics":[{"not_picked":["Busted Crown","Tiny House"],"picked":"SacredBark"}],"items_purged_floors":[19],"is_endless":false,"potions_floor_spawned":[3,11,12,13,14,18,22],"killed_by":"Slavers","ascension_level":20}