{"gold_per_floor":[110,185,185,57,75,75,101,101,101,133,133,150,204,27,27,98,98,112,125,125,141,341,341,367,381,381,381],"floor_reached":27,"playtime":1708,"items_purged":["Strike_R","Strike_R"],"score":548,"play_id":"d5d2e285-c29d-4547-84f7-51ed2fc59ac4","local_time":"20230817185349","is_ascension_mode":true,"campfire_choices":[{"data":"Shockwave","floor":6,"key":"SMITH"},{"data":"Armaments","floor":8,"key":"SMITH"},{"data":"Searing Blow","floor":11,"key":"SMITH"},{"data":"Bash","floor":15,"key":"SMITH"},{"data":"Flame Barrier","floor":23,"key":"SMITH"}],"neow_cost":"NONE","seed_source_timestamp":93768250381250,"circlet_count":0,"master_deck":["AscendersBane","Strike_R","Strike_R","Strike_R","Defend_R","Defend_R","Defend_R","Defend_R","Bash+1","Pommel Strike+1","Shockwave+1","Armaments+1","Searing Blow+1","Battle Trance","Double Tap","Flame Barrier+1","Headbutt","Shrug It Off"],"relics":["Burning Blood","NeowsBlessing","Blood Vial","Meat on the Bone","Juzu Bracelet","Cursed Key","Mummified Hand"],"potions_floor_usage":[10,13,13,21,24,24,27],"damage_taken":[{"damage":0,"enemies":"Jaw Worm","floor":1,"turns":1},{"damage":0,"enemies":"2 Louse","floor":5,"turns":1},{"damage":0,"enemies":"3 Sentries","floor":7,"turns":2},{"damage":27,"enemies":"Gremlin Nob","floor":10,"turns":4},{"damage":0,"enemies":"Cultist","floor":12,"turns":3},{"damage":10,"enemies":"Lagavulin","floor":13,"turns":5},{"damage":25,"enemies":"The Guardian","floor":16,"turns":14},{"damage":7,"enemies":"Shell Parasite","floor":18,"turns":5},{"damage":0,"enemies":"Chosen","floor":19,"turns":3},{"damage":4,"enemies":"Centurion and Healer","floor":21,"turns":7},{"damage":29,"enemies":"Gremlin Leader","floor":24,"turns":8},{"damage":8,"enemies":"Snake Plant","floor":25,"turns":4},{"damage":54,"enemies":"Slavers","floor":27,"turns":4}],"seed_played":"-5211354217332042925","potions_obtained":[{"floor":1,"key":"FearPotion"},{"floor":10,"key":"ColorlessPotion"},{"floor":16,"key":"LiquidBronze"},{"floor":19,"key":"SkillPotion"},{"floor":21,"key":"SpeedPotion"},{"floor":24,"key":"Block Potion"}],"is_trial":false,"path_per_floor":["M","?","?","$","M","R","E","R","T","E","R","M","E","$","R","B",null,"M","M","?","M","?","R","E","M","T","E"],"character_chosen":"IRONCLAD","basemod:card_modifiers":[null,null,null,null,null,null,null,null,null,null,null,null,null,null,null,null,null,null],"items_purchased":["BlessingOfTheForge","Battle Trance"],"campfire_rested":0,"item_purchase_floors":[4,14],"current_hp_per_floor":[74,63,63,63,69,69,75,75,75,54,54,62,60,60,60,55,70,71,75,75,75,75,75,52,52,52,0],"gold":381,"neow_bonus":"THREE_ENEMY_KILL","is_prod":false,"is_daily":false,"chose_seed":false,"campfire_upgraded":5,"win_rate":0,"timestamp":1692312829,"path_taken":["M","?","?","$","M","R","E","R","T","E","R","M","E","?","R","BOSS","M","M","?","M","?","R","E","M","T","E"],"build_version":"2022-12-01","purchased_purges":2,"victory":false,"max_hp_per_floor":[75,75,75,75,75,75,75,75,75,75,75,75,75,75,75,75,75,75,75,75,75,75,75,75,75,75,75],"card_choices":[{"not_picked":["Hemokinesis","Bloodletting"],"picked":"Pommel Strike","floor":1},{"not_picked":["Pommel Strike","Clothesline"],"picked":"Shockwave","floor":5},{"not_picked":["Iron Wave","Intimidate"],"picked":"Armaments","floor":7},{"not_picked":["Offering","Headbutt"],"picked":"Searing Blow","floor":10},{"not_picked":["Seeing Red","Warcry","Power Through"],"picked":"SKIP","floor":12},{"not_picked":["Intimidate","Perfected Strike","Iron Wave"],"picked":"SKIP","floor":13},{"not_picked":["Brutality","Exhume"],"picked":"Double Tap","floor":16},{"not_picked":["Thunderclap+1","Body Slam","Rage"],"picked":"SKIP","floor":18},{"not_picked":["Spot Weakness","Havoc"],"picked":"Flame Barrier","floor":19},{"not_picked":["Searing Blow","Armaments+1"],"picked":"Headbutt","floor":21},{"not_picked":["Thunderclap","Pommel Strike","Feel No Pain"],"picked":"SKIP","floor":24},{"not_picked":["Pommel Strike","Ghostly Armor"],"picked":"Shrug It Off","floor":25}],"player_experience":58474,"relics_obtained":[{"floor":7,"key":"Blood Vial"},{"floor":10,"key":"Meat on the Bone"},{"floor":13,"key":"Juzu Bracelet"},{"floor":24,"key":"Mummified Hand"}],"event_choices":[{"damage_healed":0,"gold_gain":75,"player_choice":"Gather Gold","damage_taken":11,"max_hp_gain":0,"max_hp_loss":0,"event_name":"World of Goop","floor":2,"gold_loss":0},{"damage_healed":0,"gold_gain":0,"player_choice":"Grow","damage_taken":0,"max_hp_gain":0,"max_hp_loss":0,"event_name":"Living Wall","floor":3,"gold_loss":0,"cards_upgraded":["Pommel Strike"]},{"damage_healed":0,"gold_gain":0,"player_choice":"Ignored","damage_taken":0,"max_hp_gain":0,"max_hp_loss":0,"event_name":"Ghosts","floor":20,"gold_loss":0},{"damage_healed":0,"gold_gain":200,"player_choice":"Gold","damage_taken":0,"max_hp_gain":0,"max_hp_loss":0,"event_name":"Wheel of Change","floor":22,"gold_loss":0}],"is_beta":false,"boss_relics":[{"not_picked":["Calling Bell","Sozu"],"picked":"Cursed Key"}],"items_purged_floors":[4,14],"is_endless":false,"potions_floor_spawned":[1,7,10,16,19,21,24],"killed_by":"Slavers","ascension_level":20}