{"gold_per_floor":[161,161,236,253,268,295,295,315,315,334,334,334,368,387,387,461,461,479,112,122,133,133,160,160,190,190,290,317,334,363,143,143,214,214,230,230,248,55,65,65,90,101,125,125,150,165,192,33,33,33,33,33,33,5,39,39],"floor_reached":57,"playtime":5789,"items_purged":["Strike_R","Strike_R","Strike_R"],"score":2870,"play_id":"7c711c77-bd35-4ff5-a05b-d7969ae1c332","local_time":"20230826112313","is_ascension_mode":true,"campfire_choices":[{"data":"Pommel Strike","floor":7.0,"key":"SMITH"},{"floor":12.0,"key":"REST"},{"floor":15.0,"key":"REST"},{"data":"Bash","floor":24.0,"key":"SMITH"},{"data":"Demon Form","floor":32.0,"key":"SMITH"},{"floor":40.0,"key":"REST"},{"floor":44.0,"key":"RECALL"},{"floor":49.0,"key":"REST"},{"floor":53.0,"key":"REST"}],"neow_cost":"NONE","seed_source_timestamp":0,"circlet_count":0,"master_deck":["AscendersBane","Strike_R+1","Strike_R+1","Defend_R","Defend_R","Defend_R","Defend_R","Bash+1","Pommel Strike+1","Feed+1","Metallicize","Uppercut+1","Perfected Strike+1","Seeing Red+1","Demon Form+1","Rage+1","Shrug It Off+1","Double Tap+1","Shrug It Off+1","True Grit+1","Dark Embrace","Whirlwind+1","Feel No Pain","Entrench+1","Inflame+1","True Grit+1","Flash of Steel+1","Master of Strategy+1","Reaper+1","Heavy Blade+1","Feel No Pain"],"special_seed":0,"relics":["Tiny House","Eternal Feather","Molten Egg 2","Toxic Egg 2","Paper Frog","Busted Crown","Membership Card","PreservedInsect","Shuriken","Vajra","Art of War","Pocketwatch","Bottled Lightning","Oddly Smooth Stone","MealTicket","Fusion Hammer","Toolbox","Dead Branch","Ornamental Fan","Whetstone","Bird Faced Urn","Akabeko"],"potions_floor_usage":[56],"damage_taken":[{"damage":1.0,"enemies":"Cultist","floor":1.0,"turns":3.0},{"damage":0.0,"enemies":"Small Slimes","floor":4.0,"turns":2.0},{"damage":11.0,"enemies":"Jaw Worm","floor":5.0,"turns":4.0},{"damage":34.0,"enemies":"Lagavulin","floor":6.0,"turns":6.0},{"damage":18.0,"enemies":"3 Louse","floor":8.0,"turns":3.0},{"damage":7.0,"enemies":"Blue Slaver","floor":10.0,"turns":4.0},{"damage":10.0,"enemies":"Gremlin Nob","floor":13.0,"turns":3.0},{"damage":21.0,"enemies":"Exordium Thugs","floor":14.0,"turns":4.0},{"damage":27.0,"enemies":"The Guardian","floor":16.0,"turns":11.0},{"damage":0.0,"enemies":"Spheric Guardian","floor":18.0,"turns":3.0},{"damage":4.0,"enemies":"3 Byrds","floor":20.0,"turns":4.0},{"damage":43.0,"enemies":"Cultist and Chosen","floor":21.0,"turns":6.0},{"damage":13.0,"enemies":"Slavers","floor":23.0,"turns":2.0},{"damage":3.0,"enemies":"Gremlin Leader","floor":25.0,"turns":7.0},{"damage":8.0,"enemies":"Colosseum Slavers","floor":27.0,"turns":4.0},{"damage":0.0,"enemies":"Colosseum Nobs","floor":27.0,"turns":2.0},{"damage":17.0,"enemies":"Snecko","floor":29.0,"turns":4.0},{"damage":8.0,"enemies":"Slavers","floor":30.0,"turns":5.0},{"damage":15.0,"enemies":"Automaton","floor":33.0,"turns":10.0},{"damage":0.0,"enemies":"3 Shapes","floor":35.0,"turns":3.0},{"damage":0.0,"enemies":"Orb Walker","floor":37.0,"turns":3.0},{"damage":35.0,"enemies":"Spire Growth","floor":39.0,"turns":5.0},{"damage":63.0,"enemies":"Giant Head","floor":41.0,"turns":7.0},{"damage":18.0,"enemies":"Transient","floor":42.0,"turns":6.0},{"damage":0.0,"enemies":"Nemesis","floor":45.0,"turns":7.0},{"damage":0.0,"enemies":"Jaw Worm Horde","floor":46.0,"turns":4.0},{"damage":43.0,"enemies":"Reptomancer","floor":47.0,"turns":6.0},{"damage":32.0,"enemies":"Donu and Deca","floor":50.0,"turns":7.0},{"damage":28.0,"enemies":"Time Eater","floor":51.0,"turns":8.0},{"damage":59.0,"enemies":"Shield and Spear","floor":55.0,"turns":4.0},{"damage":98,"enemies":"The Heart","floor":56,"turns":8}],"seed_played":"-3378278783588417889","potions_obtained":[{"floor":0.0,"key":"SteroidPotion"},{"floor":10.0,"key":"Swift Potion"},{"floor":13.0,"key":"FearPotion"},{"floor":16.0,"key":"Explosive Potion"},{"floor":20.0,"key":"FearPotion"},{"floor":21.0,"key":"Swift Potion"},{"floor":25.0,"key":"BloodPotion"},{"floor":27.0,"key":"Dexterity Potion"},{"floor":39.0,"key":"Regen Potion"},{"floor":41.0,"key":"PowerPotion"}],"is_trial":false,"path_per_floor":["M","?","?","M","M","E","R","M","T","M","?","R","E","M","R","B",null,"M","$","M","M","?","E","R","E","T","?","T","M","E","$","R","B",null,"M","?","M","$","M","R","E","M","T","R","E","M","E","$","R","B","B",null,"R","$","E","B",null],"character_chosen":"IRONCLAD","basemod:card_modifiers":[null,null,null,null,null,null,null,null,null,null,null,null,null,null,null,null,null,null,null,null,null,null,null,null,null,null,null,null,null,null,null],"items_purchased":["Membership Card","True Grit+1","Dark Embrace","PreservedInsect","BloodPotion","True Grit+1","Flash of Steel+1","Master of Strategy+1","Feel No Pain","Toolbox","Bird Faced Urn","SteroidPotion"],"campfire_rested":5,"item_purchase_floors":[19,19,19,19,19,31,31,31,38,38,48,54],"current_hp_per_floor":[72,67,56,56,48,14,23,8,8,1,1,35,25,7,45,21,74,74,74,73,49,49,36,51,51,51,66,66,52,44,59,74,62,96,97,97,100,105,73,108,91,108,108,108,108,108,65,80,108,102,106,111,112,112,116,30],"gold":39,"neow_bonus":"BOSS_RELIC","is_prod":false,"is_daily":false,"chose_seed":false,"campfire_upgraded":3,"win_rate":0,"timestamp":1693063393,"path_taken":["M","?","?","M","M","E","R","M","T","M","?","R","E","?","R","BOSS","M","$","M","M","?","E","R","E","T","?","?","M","E","$","R","BOSS","M","?","M","$","M","R","E","M","T","R","E","M","E","$","R","BOSS","BOSS","R","$","E","BOSS"],"build_version":"2022-12-01","purchased_purges":3,"victory":true,"max_hp_per_floor":[80,80,80,80,83,83,83,86,86,86,86,86,86,89,89,92,92,92,92,95,95,95,95,95,98,98,101,101,104,104,104,104,107,107,107,102,105,105,108,108,108,108,108,108,108,108,108,108,108,112,112,112,112,112,116,116],"card_choices":[{"not_picked":["Clothesline","Flex"],"picked":"Pommel Strike","floor":0.0},{"not_picked":["Wild Strike","Havoc","Rupture"],"picked":"SKIP","floor":1.0},{"not_picked":["Wild Strike","Havoc","Rupture"],"picked":"SKIP","floor":1.0},{"not_picked":["Twin Strike","Flame Barrier"],"picked":"Feed","floor":4.0},{"not_picked":["Evolve","Dropkick"],"picked":"Metallicize","floor":5.0},{"not_picked":["Shrug It Off","Sever Soul+1"],"picked":"Uppercut+1","floor":6.0},{"not_picked":["Iron Wave+1","Sword Boomerang+1"],"picked":"Perfected Strike+1","floor":8.0},{"not_picked":["Havoc+1","Iron Wave+1"],"picked":"Seeing Red+1","floor":10.0},{"not_picked":["Power Through+1","Anger+1"],"picked":"Rage+1","floor":13.0},{"not_picked":["Armaments+1","Second Wind+1"],"picked":"Shrug It Off+1","floor":14.0},{"not_picked":["Corruption","Barricade"],"picked":"Double Tap+1","floor":16.0},{"not_picked":[],"picked":"Shrug It Off+1","floor":18.0},{"not_picked":[],"picked":"Whirlwind+1","floor":20.0},{"not_picked":[],"picked":"Feel No Pain","floor":21.0},{"not_picked":["Feed+1"],"picked":"SKIP","floor":23.0},{"not_picked":[],"picked":"Inflame+1","floor":25.0},{"not_picked":["Cleave+1"],"picked":"SKIP","floor":29.0},{"not_picked":["Cleave+1"],"picked":"SKIP","floor":30.0},{"not_picked":[],"picked":"Reaper+1","floor":33.0},{"not_picked":["Cleave+1"],"picked":"SKIP","floor":35.0},{"not_picked":[],"picked":"Heavy Blade+1","floor":37.0},{"not_picked":["Reckless Charge+1"],"picked":"SKIP","floor":39.0},{"not_picked":["Iron Wave+1"],"picked":"SKIP","floor":41.0},{"not_picked":["Iron Wave+1"],"picked":"SKIP","floor":41.0},{"not_picked":["Headbutt+1"],"picked":"SKIP","floor":42.0},{"not_picked":["Clothesline+1"],"picked":"SKIP","floor":45.0},{"not_picked":["Shrug It Off+1"],"picked":"SKIP","floor":46.0},{"not_picked":["Reckless Charge+1"],"picked":"SKIP","floor":47.0},{"not_picked":["Infernal Blade+1"],"picked":"SKIP","floor":55.0}],"player_experience":100661,"relics_obtained":[{"floor":6.0,"key":"Molten Egg 2"},{"floor":9.0,"key":"Toxic Egg 2"},{"floor":13.0,"key":"Paper Frog"},{"floor":23.0,"key":"Shuriken"},{"floor":25.0,"key":"Vajra"},{"floor":26.0,"key":"Art of War"},{"floor":27.0,"key":"Pocketwatch"},{"floor":27.0,"key":"Bottled Lightning"},{"floor":28.0,"key":"Oddly Smooth Stone"},{"floor":30.0,"key":"MealTicket"},{"floor":41.0,"key":"Dead Branch"},{"floor":45.0,"key":"Ornamental Fan"},{"floor":47.0,"key":"Whetstone"},{"floor":55.0,"key":"Akabeko"}],"event_choices":[{"damage_healed":0.0,"max_hp_gain":0.0,"max_hp_loss":0.0,"gold_gain":0.0,"event_name":"Scrap Ooze","player_choice":"Success","floor":2.0,"gold_loss":0.0,"damage_taken":5.0,"relics_obtained":["Eternal Feather"]},{"damage_healed":0.0,"max_hp_gain":0.0,"max_hp_loss":0.0,"gold_gain":75.0,"event_name":"World of Goop","player_choice":"Gather Gold","floor":3.0,"gold_loss":0.0,"damage_taken":11.0},{"damage_healed":0.0,"max_hp_gain":0.0,"max_hp_loss":0.0,"gold_gain":0.0,"event_name":"Match and Keep!","player_choice":"1 cards matched","floor":11.0,"gold_loss":0.0,"damage_taken":0.0,"cards_obtained":["Demon Form"]},{"damage_healed":0.0,"max_hp_gain":0.0,"max_hp_loss":0.0,"gold_gain":0.0,"event_name":"The Library","player_choice":"Read","floor":22.0,"gold_loss":0.0,"damage_taken":0.0,"cards_obtained":["Entrench"]},{"damage_healed":0.0,"max_hp_gain":0.0,"max_hp_loss":0.0,"gold_gain":0.0,"event_name":"Colosseum","player_choice":"Fight","floor":27.0,"gold_loss":0.0,"damage_taken":0.0},{"damage_healed":0.0,"max_hp_gain":0.0,"max_hp_loss":0.0,"gold_gain":0.0,"event_name":"Colosseum","player_choice":"Fought Nobs","floor":27.0,"gold_loss":0.0,"damage_taken":0.0},{"damage_healed":0.0,"max_hp_gain":0.0,"max_hp_loss":5.0,"gold_gain":0.0,"event_name":"Winding Halls","player_choice":"Max HP","floor":36.0,"gold_loss":0.0,"damage_taken":0.0}],"is_beta":false,"boss_relics":[{"not_picked":["Black Star","Cursed Key"],"picked":"Busted Crown"},{"not_picked":["Snecko Eye","Runic Dome"],"picked":"Fusion Hammer"}],"items_purged_floors":[19,31,38],"is_endless":false,"potions_floor_spawned":[10,13,16,20,21,25,27,27,39,41],"ascension_level":20}