{"gold_per_floor":[111,111,131,142,160,160,189,189,189,219,233,244,244,7,7,81,81,98,98,115,134,134,134,161,3,3,37,37,52,70,85,85,157,157,169,169,169,179,193,193,220,220,220,220,240,267,299,309,309,309],"floor_reached":50,"playtime":2985,"items_purged":["Strike_R"],"score":1108,"play_id":"1e2053b9-edbb-49bf-8c7f-de50421c9821","local_time":"20230825221930","is_ascension_mode":true,"campfire_choices":[{"data":"Inflame","floor":6,"key":"SMITH"},{"floor":8,"key":"REST"},{"data":"Rampage","floor":13,"key":"SMITH"},{"data":"Bash","floor":15,"key":"SMITH"},{"floor":23,"key":"REST"},{"floor":28,"key":"REST"},{"data":"Burning Pact","floor":32,"key":"SMITH"},{"data":"Double Tap","floor":40,"key":"SMITH"},{"data":"Rage","floor":42,"key":"SMITH"},{"floor":49,"key":"RECALL"}],"neow_cost":"PERCENT_DAMAGE","seed_source_timestamp":114546255972125,"circlet_count":0,"master_deck":["AscendersBane","Strike_R+1","Strike_R+1","Strike_R+1","Strike_R+1","Defend_R+1","Defend_R+1","Defend_R+1","Defend_R+1","Bash+1","Double Tap+1","Rampage+1","Rage+1","Flame Barrier","Inflame+1","Blood for Blood+1","Sword Boomerang+1","Immolate+1","Decay","Shrug It Off","Reaper+1","Burning Pact+1","Clothesline+1","Dark Embrace+1","Offering","Second Wind","Flash of Steel+1","Disarm+1","Clumsy","Clumsy","Brutality","Burning Pact+1"],"relics":["Burning Blood","Singing Bowl","InkBottle","Molten Egg 2","Red Skull","Runic Dome","Du-Vu Doll","Ancient Tea Set","Bottled Tornado","Black Star","HornCleat","Bag of Preparation","Toy Ornithopter","Boot","Potion Belt"],"potions_floor_usage":[7,10,27,33,33,38,41,45,47],"damage_taken":[{"damage":7,"enemies":"Cultist","floor":1,"turns":4},{"damage":7,"enemies":"Jaw Worm","floor":3,"turns":3},{"damage":7,"enemies":"Small Slimes","floor":4,"turns":3},{"damage":13,"enemies":"3 Louse","floor":5,"turns":6},{"damage":22,"enemies":"Lagavulin","floor":7,"turns":7},{"damage":22,"enemies":"Gremlin Nob","floor":10,"turns":4},{"damage":3,"enemies":"Blue Slaver","floor":11,"turns":5},{"damage":11,"enemies":"Looter","floor":12,"turns":3},{"damage":15,"enemies":"Hexaghost","floor":16,"turns":6},{"damage":0,"enemies":"Spheric Guardian","floor":18,"turns":3},{"damage":7,"enemies":"Chosen","floor":20,"turns":4},{"damage":34,"enemies":"Snake Plant","floor":21,"turns":4},{"damage":54,"enemies":"Book of Stabbing","floor":24,"turns":5},{"damage":31,"enemies":"Slavers","floor":27,"turns":4},{"damage":1,"enemies":"Centurion and Healer","floor":29,"turns":6},{"damage":10,"enemies":"Snecko","floor":30,"turns":3},{"damage":4,"enemies":"Cultist and Chosen","floor":31,"turns":3},{"damage":83,"enemies":"Automaton","floor":33,"turns":7},{"damage":58,"enemies":"3 Darklings","floor":35,"turns":4},{"damage":1,"enemies":"Orb Walker","floor":38,"turns":3},{"damage":8,"enemies":"Transient","floor":39,"turns":6},{"damage":33,"enemies":"Nemesis","floor":41,"turns":7},{"damage":0,"enemies":"3 Darklings","floor":45,"turns":1},{"damage":59,"enemies":"Giant Head","floor":47,"turns":6},{"damage":13,"enemies":"Writhing Mass","floor":48,"turns":4},{"damage":99,"enemies":"Awakened One","floor":50,"turns":10}],"seed_played":"1841307394884430579","potions_obtained":[{"floor":1,"key":"ElixirPotion"},{"floor":4,"key":"Ancient Potion"},{"floor":5,"key":"FearPotion"},{"floor":18,"key":"ElixirPotion"},{"floor":24,"key":"Weak Potion"},{"floor":29,"key":"AttackPotion"},{"floor":33,"key":"Regen Potion"},{"floor":35,"key":"Explosive Potion"},{"floor":39,"key":"Energy Potion"},{"floor":41,"key":"ElixirPotion"}],"is_trial":false,"path_per_floor":["M","?","M","M","M","R","E","R","T","E","M","M","R","$","R","B",null,"M","?","M","M","?","R","E","$","T","E","R","M","M","M","R","B",null,"M","?","?","M","M","R","E","R","T","?","M","T","E","M","R","B"],"character_chosen":"IRONCLAD","basemod:card_modifiers":[null,null,null,null,null,null,null,null,null,null,null,null,null,null,null,null,null,null,null,null,null,null,null,null,null,null,null,null,null,null,null,null],"items_purchased":["Red Skull","Reaper+1"],"campfire_rested":3,"item_purchase_floors":[14,25],"current_hp_per_floor":[49,44,43,42,35,35,21,44,44,28,31,26,26,26,26,17,62,70,70,71,45,45,69,21,21,21,26,50,75,71,75,75,11,67,15,15,15,44,42,42,55,55,55,55,91,91,61,73,73,0],"gold":309,"neow_bonus":"THREE_RARE_CARDS","is_prod":false,"is_daily":false,"chose_seed":false,"campfire_upgraded":6,"win_rate":0,"timestamp":1693016370,"path_taken":["M","?","M","M","M","R","E","R","T","E","M","M","R","$","R","BOSS","M","?","M","M","?","R","E","$","T","E","R","M","M","M","R","BOSS","M","?","?","M","M","R","E","R","T","?","?","?","E","M","R","BOSS"],"build_version":"2022-12-01","purchased_purges":1,"victory":false,"max_hp_per_floor":[75,75,75,75,75,75,77,77,77,77,77,77,77,77,77,77,77,79,79,81,83,83,83,83,83,83,83,83,83,83,85,85,85,85,85,85,85,87,87,87,89,89,89,89,91,91,93,93,93,93],"card_choices":[{"not_picked":["Limit Break","Berserk"],"picked":"Double Tap","floor":0},{"not_picked":["Reckless Charge","Heavy Blade"],"picked":"Rampage","floor":1},{"not_picked":["Twin Strike","Body Slam"],"picked":"Rage","floor":3},{"not_picked":["Wild Strike","Heavy Blade"],"picked":"Flame Barrier","floor":4},{"not_picked":["Combust","Burning Pact"],"picked":"Inflame","floor":5},{"not_picked":["Power Through","Carnage","Havoc"],"picked":"Singing Bowl","floor":7},{"not_picked":["Combust","True Grit"],"picked":"Blood for Blood+1","floor":10},{"not_picked":["Twin Strike+1","Heavy Blade+1"],"picked":"Sword Boomerang+1","floor":11},{"not_picked":["Rupture","Clash+1"],"picked":"Pummel+1","floor":12},{"not_picked":["Exhume","Impervious"],"picked":"Immolate+1","floor":16},{"not_picked":["Warcry","Evolve","Body Slam+1"],"picked":"Singing Bowl","floor":18},{"not_picked":["Headbutt+1","Heavy Blade+1","Twin Strike+1"],"picked":"Singing Bowl","floor":20},{"not_picked":["Twin Strike+1","Thunderclap+1","Sword Boomerang+1"],"picked":"Singing Bowl","floor":21},{"not_picked":["Dark Embrace","Searing Blow+1"],"picked":"Shrug It Off","floor":24},{"not_picked":["Metallicize","Brutality"],"picked":"Burning Pact","floor":27},{"not_picked":["Warcry","Heavy Blade+1"],"picked":"Clothesline+1","floor":29},{"not_picked":["Shockwave","Clash+1"],"picked":"Dark Embrace+1","floor":30},{"not_picked":["Heavy Blade+1","Anger+1","Twin Strike+1"],"picked":"Singing Bowl","floor":31},{"not_picked":["Impervious","Brutality"],"picked":"Offering","floor":33},{"not_picked":["Shrug It Off+1","Ghostly Armor"],"picked":"Second Wind","floor":35},{"not_picked":["Madness","Transmutation"],"picked":"Flash of Steel+1","floor":37},{"not_picked":["Dual Wield","Heavy Blade+1","Havoc+1"],"picked":"Singing Bowl","floor":38},{"not_picked":["Fire Breathing+1","Twin Strike+1"],"picked":"Disarm+1","floor":39},{"not_picked":["Flame Barrier","Inflame","Clash+1"],"picked":"Singing Bowl","floor":41},{"not_picked":["Headbutt+1","Wild Strike+1","Ghostly Armor"],"picked":"Singing Bowl","floor":45},{"not_picked":["Reaper+1","Battle Trance","Evolve"],"picked":"Singing Bowl","floor":47},{"not_picked":["Twin Strike+1","Shrug It Off"],"picked":"Burning Pact+1","floor":48}],"player_experience":93169,"relics_obtained":[{"floor":7,"key":"Singing Bowl"},{"floor":9,"key":"InkBottle"},{"floor":10,"key":"Molten Egg 2"},{"floor":24,"key":"Du-Vu Doll"},{"floor":26,"key":"Ancient Tea Set"},{"floor":27,"key":"Bottled Tornado"},{"floor":41,"key":"HornCleat"},{"floor":41,"key":"Bag of Preparation"},{"floor":46,"key":"Toy Ornithopter"},{"floor":47,"key":"Boot"},{"floor":47,"key":"Potion Belt"}],"event_choices":[{"damage_healed":0,"gold_gain":0,"player_choice":"Fled","damage_taken":5,"max_hp_gain":0,"max_hp_loss":0,"event_name":"Scrap Ooze","floor":2,"gold_loss":0},{"damage_healed":0,"gold_gain":0,"player_choice":"Simplicity","damage_taken":0,"max_hp_gain":0,"max_hp_loss":0,"event_name":"Back to Basics","floor":19,"gold_loss":0,"cards_upgraded":["Strike_R","Strike_R","Strike_R","Strike_R","Defend_R","Defend_R","Defend_R","Defend_R"]},{"damage_healed":0,"gold_gain":0,"player_choice":"Smashed Altar","damage_taken":0,"max_hp_gain":0,"max_hp_loss":0,"event_name":"Forgotten Altar","floor":22,"gold_loss":0,"cards_obtained":["Decay"]},{"cards_removed":["Pummel"],"damage_healed":0,"gold_gain":0,"player_choice":"Removed Attack","damage_taken":0,"max_hp_gain":0,"max_hp_loss":0,"event_name":"Falling","floor":36,"gold_loss":0},{"damage_healed":0,"gold_gain":0,"player_choice":"Memory 1","damage_taken":0,"max_hp_gain":0,"max_hp_loss":0,"event_name":"SensoryStone","floor":37,"gold_loss":0},{"damage_healed":0,"gold_gain":0,"player_choice":"3 cards matched","damage_taken":0,"max_hp_gain":0,"max_hp_loss":0,"event_name":"Match and Keep!","floor":44,"gold_loss":0,"cards_obtained":["Clumsy","Clumsy","Brutality"]}],"is_beta":false,"boss_relics":[{"not_picked":["SacredBark","Runic Cube"],"picked":"Runic Dome"},{"not_picked":["Tiny House","Fusion Hammer"],"picked":"Black Star"}],"items_purged_floors":[14],"is_endless":false,"potions_floor_spawned":[1,4,5,18,24,29,33,35,39,41],"killed_by":"Awakened One","ascension_level":20}