{"gold_per_floor":[118,136,136,148,162,187,187,220,220,220,255,267,296,314,314,314],"floor_reached":16,"playtime":1124,"items_purged":[],"score":314,"play_id":"09dc06ee-f9fb-4b55-b871-dcb199ab75de","local_time":"20230915142828","is_ascension_mode":true,"campfire_choices":[{"data":"Whirlwind","floor":7,"key":"SMITH"},{"data":"Bash","floor":15,"key":"SMITH"}],"neow_cost":"NONE","seed_source_timestamp":91353134338458,"circlet_count":0,"master_deck":["AscendersBane","Strike_R","Strike_R","Strike_R","Strike_R","Defend_R","Defend_R","Defend_R","Defend_R","Bash+1","Armaments","Infernal Blade","Bloodletting","Dual Wield","Whirlwind+1","Double Tap","Headbutt","Pommel Strike","Seeing Red+1","Fire Breathing","Seeing Red+1"],"relics":["Burning Blood","NeowsBlessing","PreservedInsect","Letter Opener","Paper Frog","Toxic Egg 2","White Beast Statue"],"potions_floor_usage":[5,5,6,8,10,14,14,16],"damage_taken":[{"damage":0,"enemies":"Small Slimes","floor":1,"turns":2},{"damage":0,"enemies":"Cultist","floor":2,"turns":1},{"damage":0,"enemies":"Jaw Worm","floor":4,"turns":1},{"damage":12,"enemies":"Red Slaver","floor":5,"turns":3},{"damage":52,"enemies":"Lagavulin","floor":6,"turns":9},{"damage":0,"enemies":"3 Sentries","floor":8,"turns":1},{"damage":20,"enemies":"Lagavulin","floor":11,"turns":4},{"damage":8,"enemies":"Large Slime","floor":12,"turns":4},{"damage":14,"enemies":"Gremlin Nob","floor":13,"turns":3},{"damage":3,"enemies":"Exordium Wildlife","floor":14,"turns":3},{"damage":23,"enemies":"Hexaghost","floor":16,"turns":5}],"seed_played":"-7743190866648071359","potions_obtained":[{"floor":4,"key":"EntropicBrew"},{"floor":5,"key":"BloodPotion"},{"floor":6,"key":"Explosive Potion"},{"floor":10,"key":"LiquidMemories"},{"floor":10,"key":"PowerPotion"},{"floor":13,"key":"Dexterity Potion"},{"floor":14,"key":"CultistPotion"}],"is_trial":false,"path_per_floor":["M","M","?","M","M","E","R","E","T","?","E","M","E","M","R","B"],"character_chosen":"IRONCLAD","basemod:card_modifiers":[null,null,null,null,null,null,null,null,null,null,null,null,null,null,null,null,null,null,null,null,null],"items_purchased":[],"campfire_rested":0,"item_purchase_floors":[],"current_hp_per_floor":[74,75,75,75,69,23,23,29,29,44,30,28,20,23,23,0],"gold":314,"neow_bonus":"THREE_ENEMY_KILL","is_prod":false,"is_daily":false,"chose_seed":false,"campfire_upgraded":2,"win_rate":0,"timestamp":1694802508,"path_taken":["M","M","?","?","?","E","R","E","T","?","E","M","E","M","R","BOSS"],"build_version":"2022-12-01","purchased_purges":0,"victory":false,"max_hp_per_floor":[75,75,75,75,75,75,75,75,75,75,75,75,75,75,75,75],"card_choices":[{"not_picked":["Searing Blow","Thunderclap"],"picked":"Armaments","floor":1},{"not_picked":["Wild Strike","True Grit"],"picked":"Infernal Blade","floor":2},{"not_picked":["Rage","Thunderclap"],"picked":"Dual Wield","floor":4},{"not_picked":["Ghostly Armor","Thunderclap"],"picked":"Whirlwind","floor":5},{"not_picked":["Heavy Blade","Whirlwind"],"picked":"Double Tap","floor":6},{"not_picked":["Body Slam","Reckless Charge"],"picked":"Headbutt","floor":8},{"not_picked":["Metallicize","Entrench+1"],"picked":"Pommel Strike","floor":11},{"not_picked":["Uppercut","Headbutt"],"picked":"Seeing Red+1","floor":12},{"not_picked":["True Grit+1","Rampage"],"picked":"Fire Breathing","floor":13},{"not_picked":["Cleave","Fire Breathing"],"picked":"Seeing Red+1","floor":14}],"player_experience":125627,"relics_obtained":[{"floor":6,"key":"PreservedInsect"},{"floor":8,"key":"Letter Opener"},{"floor":9,"key":"Paper Frog"},{"floor":11,"key":"Toxic Egg 2"},{"floor":13,"key":"White Beast Statue"}],"event_choices":[{"damage_healed":0,"gold_gain":0,"cards_transformed":["Strike_R"],"player_choice":"Transformed","damage_taken":0,"max_hp_gain":0,"max_hp_loss":0,"event_name":"Transmorgrifier","floor":3,"gold_loss":0,"cards_obtained":["Bloodletting"]},{"damage_healed":0,"gold_gain":0,"player_choice":"Got Potions","damage_taken":0,"max_hp_gain":0,"max_hp_loss":0,"event_name":"Lab","floor":10,"gold_loss":0}],"is_beta":false,"boss_relics":[],"items_purged_floors":[],"is_endless":false,"potions_floor_spawned":[4,5,6,11,13,14],"killed_by":"Hexaghost","ascension_level":20}