{"gold_per_floor":[114,125,125,144,144,144,176,0,0,19,34,60,60,72,72,72],"floor_reached":16,"playtime":930,"items_purged":[],"score":224,"play_id":"b425e054-919d-4d90-ab8e-f56ab30b878d","local_time":"20230918105340","is_ascension_mode":true,"campfire_choices":[{"data":"Bash","floor":6.0,"key":"SMITH"},{"data":"Flame Barrier","floor":15,"key":"SMITH"}],"neow_cost":"NONE","seed_source_timestamp":118179726141292,"circlet_count":0,"master_deck":["AscendersBane","Strike_R","Strike_R","Strike_R","Strike_R","Strike_R","Defend_R","Defend_R","Defend_R","Defend_R+1","Bash+1","Pommel Strike+1","Pommel Strike","Dark Embrace","Shockwave","Immolate","Flame Barrier+1","Reaper"],"special_seed":0,"relics":["Burning Blood","Tiny Chest","Bottled Flame","Ornamental Fan","The Courier"],"potions_floor_usage":[16,16],"damage_taken":[{"damage":2.0,"enemies":"Cultist","floor":1.0,"turns":4.0},{"damage":8.0,"enemies":"Small Slimes","floor":2.0,"turns":4.0},{"damage":4.0,"enemies":"Jaw Worm","floor":4.0,"turns":3.0},{"damage":27.0,"enemies":"3 Sentries","floor":7.0,"turns":9.0},{"damage":19.0,"enemies":"Exordium Wildlife","floor":10.0,"turns":5.0},{"damage":8,"enemies":"Looter","floor":11,"turns":2},{"damage":8,"enemies":"Gremlin Nob","floor":12,"turns":3},{"damage":21,"enemies":"Lots of Slimes","floor":14,"turns":3},{"damage":45,"enemies":"The Guardian","floor":16,"turns":14}],"seed_played":"1539997006190967290","potions_obtained":[{"floor":1.0,"key":"Fire Potion"},{"floor":11,"key":"CultistPotion"},{"floor":12,"key":"Weak Potion"}],"is_trial":false,"path_per_floor":["M","M","?","M","?","R","E","$","T","M","M","E","T","M","R","B"],"character_chosen":"IRONCLAD","basemod:card_modifiers":[null,null,null,null,null,null,null,null,null,null,null,null,null,null,null,null,null,null],"items_purchased":["Immolate"],"campfire_rested":0,"item_purchase_floors":[8],"current_hp_per_floor":[72,70,47,49,74,74,53,53,53,40,38,36,36,41,41,0],"gold":72,"neow_bonus":"RANDOM_COMMON_RELIC","is_prod":false,"is_daily":false,"chose_seed":false,"campfire_upgraded":2,"win_rate":0,"timestamp":1695048820,"path_taken":["M","M","?","M","?","R","E","$","T","M","?","E","?","M","R","BOSS"],"build_version":"2022-12-01","purchased_purges":0,"victory":false,"max_hp_per_floor":[75,75,75,75,75,75,75,75,75,75,75,75,75,75,75,75],"card_choices":[{"not_picked":["Intimidate","Whirlwind"],"picked":"Pommel Strike","floor":1.0},{"not_picked":["Headbutt","Warcry"],"picked":"Pommel Strike","floor":2.0},{"not_picked":["Headbutt","Twin Strike"],"picked":"Dark Embrace","floor":4.0},{"not_picked":["Combust","Iron Wave"],"picked":"Shockwave","floor":7.0},{"not_picked":["Wild Strike","Hemokinesis"],"picked":"Flame Barrier","floor":10.0},{"not_picked":["Havoc","Body Slam","Sword Boomerang"],"picked":"SKIP","floor":11},{"not_picked":["Rupture","Searing Blow"],"picked":"Reaper","floor":12},{"not_picked":["Thunderclap","Twin Strike","Body Slam"],"picked":"SKIP","floor":14}],"player_experience":128060,"relics_obtained":[{"floor":7.0,"key":"Bottled Flame"},{"floor":12,"key":"Ornamental Fan"},{"floor":13,"key":"The Courier"}],"event_choices":[{"damage_healed":0.0,"max_hp_gain":0.0,"max_hp_loss":0.0,"gold_gain":0.0,"event_name":"Shining Light","player_choice":"Entered Light","floor":3.0,"gold_loss":0.0,"damage_taken":23.0,"cards_upgraded":["Pommel Strike","Defend_R"]},{"damage_healed":25.0,"max_hp_gain":0.0,"max_hp_loss":0.0,"gold_gain":0.0,"event_name":"Big Fish","player_choice":"Banana","floor":5.0,"gold_loss":0.0,"damage_taken":0.0}],"is_beta":false,"boss_relics":[],"items_purged_floors":[],"is_endless":false,"potions_floor_spawned":[1,11,12],"killed_by":"The Guardian","ascension_level":20}