{"neow_bonuses_skipped_log":["ONE_RANDOM_RARE_CARD","REMOVE_TWO","BOSS_RELIC"],"potions_obtained_entropic_brew":[[],[],[],[],[],[],[],[],[],[]],"neow_costs_skipped_log":["NONE","TEN_PERCENT_HP_LOSS","NONE"],"gold_per_floor":[210,225,243,25,45,45,73,91,91,91],"floor_reached":10,"playtime":723,"items_purged":[],"score":140,"play_id":"006fa18c-d374-49ef-804e-5f29258f81c1","local_time":"20231031132259","score_breakdown":["Floors Climbed (10): 50","Enemies Slain (5): 10","Exordium Elites Killed (1): 10","Bosses Slain (0): 0","Ascension (20): 70"],"is_ascension_mode":true,"potions_obtained_alchemize":[[],[],[],[],[],[],[],[],[],[]],"campfire_choices":[{"data":"Whirlwind","floor":6,"key":"SMITH"}],"lesson_learned_per_floor":[[],[],[],[],[],[],[],[],[],[]],"neow_cost":"NONE","improvable_cards":{},"seed_source_timestamp":83573292382042,"shop_contents":[{"floor":4,"relics":["Anchor","Blood Vial"],"cards":["Body Slam","Wild Strike","Shrug It Off","Havoc","Combust","Dramatic Entrance","Secret Weapon"],"potions":["Energy Potion","LiquidBronze"]}],"circlet_count":0,"master_deck":["AscendersBane","Strike_R","Strike_R","Strike_R","Strike_R","Strike_R","Defend_R","Defend_R","Defend_R","Defend_R","Bash","Sword Boomerang","Whirlwind+1","Power Through","Impervious","Bloodletting"],"potion_use_per_floor":[[],[],[],[],["Weak Potion"],[],["PowerPotion"],["DistilledChaos"],[],["SteroidPotion"]],"relics":["Burning Blood","Medical Kit","Dream Catcher","The Courier"],"potions_floor_usage":[5,7,8,10],"damage_taken":[{"damage":8,"enemies":"2 Louse","floor":1,"turns":4},{"damage":14,"enemies":"Jaw Worm","floor":2,"turns":4},{"damage":10,"enemies":"Small Slimes","floor":3,"turns":4},{"damage":34,"enemies":"Gremlin Gang","floor":5,"turns":7},{"damage":8,"enemies":"Gremlin Nob","floor":7,"turns":4},{"damage":9,"enemies":"Red Slaver","floor":8,"turns":3},{"damage":25,"enemies":"3 Sentries","floor":10,"turns":5}],"seed_played":"-418971159560755585","neow_bonus_log":{"cardsObtained":[],"cardsUpgraded":[],"cardsRemoved":[],"cardsTransformed":[],"relicsObtained":[],"maxHpGained":0,"goldGained":100,"damageTaken":0,"goldLost":0,"maxHpLost":0},"potions_obtained":[{"floor":2,"key":"Weak Potion"},{"floor":5,"key":"DistilledChaos"},{"floor":7,"key":"SteroidPotion"}],"is_trial":false,"path_per_floor":["M","M","M","$","M","R","E","M","T","E"],"character_chosen":"IRONCLAD","basemod:card_modifiers":[null,null,null,null,null,null,null,null,null,null,null,null,null,null,null,null],"items_purchased":["Medical Kit","PowerPotion"],"campfire_rested":0,"item_purchase_floors":[4,4],"current_hp_per_floor":[66,58,54,54,26,26,24,21,21,0],"gold":91,"neow_bonus":"HUNDRED_GOLD","is_prod":false,"is_daily":false,"rewards_skipped":[],"chose_seed":false,"campfire_upgraded":1,"win_rate":0,"floor_exit_playtime":[130,164,230,302,484,494,557,611,614],"timestamp":1698772979,"path_taken":["M","M","M","$","M","R","E","M","T","E"],"build_version":"2022-12-01","purchased_purges":0,"victory":false,"max_hp_per_floor":[75,75,75,75,75,75,75,75,75,75],"relic_stats":{"Dream Catcher":0,"counters":[7,31],"The Courier":0,"Medical Kit":[10],"obtain_stats":[{"Dream Catcher":7,"The Courier":9,"Medical Kit":4,"Burning Blood":0},{"Dream Catcher":5,"The Courier":6,"Medical Kit":3,"Burning Blood":0},{"Dream Catcher":23,"The Courier":26,"Medical Kit":12,"Burning Blood":0}],"Burning Blood":36},"card_choices":[{"not_picked":["Flex","Heavy Blade"],"picked":"Sword Boomerang","floor":1},{"not_picked":["Wild Strike","Iron Wave"],"picked":"Whirlwind","floor":2},{"not_picked":["Blood for Blood","Heavy Blade"],"picked":"Power Through","floor":3},{"not_picked":["Cleave","Ghostly Armor"],"picked":"Impervious","floor":5},{"not_picked":["Iron Wave","Thunderclap","Cleave"],"picked":"SKIP","floor":7},{"not_picked":["Thunderclap","Sentinel"],"picked":"Bloodletting","floor":8}],"player_experience":209593,"relics_obtained":[{"floor":7,"key":"Dream Catcher"},{"floor":9,"key":"The Courier"}],"event_choices":[],"is_beta":false,"boss_relics":[],"items_purged_floors":[],"is_endless":false,"potions_floor_spawned":[2,5,7],"killed_by":"3 Sentries","ascension_level":20,"potion_discard_per_floor":[[],[],[],[],[],[],[],[],[],[]]}