{"neow_bonuses_skipped_log":["THREE_CARDS","THREE_SMALL_POTIONS","BOSS_RELIC"],"neow_costs_skipped_log":["NONE","NONE","NONE"],"potions_obtained_entropic_brew":[[],[],[],[],[],[],[],[],[],[],[],[],[],[],[],[],[],[],[],[],[],[],[],[],[],[],[],[],[],[],[],[],[],[],[],[],[],[],[],[],[],[],[],[],[],[],[],[],[],[],[],[],[],[],[],[]],"gold_per_floor":[17,34,34,49,64,64,89,89,141,153,182,182,196,223,223,296,296,307,307,318,55,71,71,101,101,101,132,152,184,99,125,125,205,205,227,245,261,261,274,274,274,308,308,345,367,75,130,148,148,148,148,148,148,43,80,80],"floor_reached":56,"playtime":4594,"items_purged":["Strike_R","Strike_R","Strike_R"],"score":2060,"play_id":"d4e09b53-00df-4054-a4db-0127a2250404","local_time":"20231101091928","falling_options_log":["Immolate","Demon Form"],"score_breakdown":["Floors Climbed (56): 280","Enemies Slain (15): 30","Exordium Elites Killed (3): 30","City Elites Killed (4): 80","Beyond Elites Killed (2): 60","Bosses Slain (4): 500","Champion (2): 50","Ascension (20): 1030"],"is_ascension_mode":true,"potions_obtained_alchemize":[[],[],[],[],[],[],[],[],[],[],[],[],[],[],[],[],[],[],[],[],[],[],[],[],[],[],[],[],[],[],[],[],[],[],[],[],[],[],[],[],[],[],[],[],[],[],[],[],[],[],[],[],[],[],[],[]],"campfire_choices":[{"data":"Bash","floor":6.0,"key":"SMITH"},{"data":"Pommel Strike","floor":8.0,"key":"SMITH"},{"data":"Shockwave","floor":15.0,"key":"SMITH"},{"data":"Apotheosis","floor":23.0,"key":"SMITH"},{"data":"Corruption","floor":25.0,"key":"SMITH"},{"data":"Pommel Strike","floor":32.0,"key":"SMITH"},{"data":"Bloodletting","floor":40.0,"key":"SMITH"},{"floor":49.0,"key":"RECALL"},{"floor":53.0,"key":"DIG"}],"lesson_learned_per_floor":[[],[],[],[],[],[],[],[],[],[],[],[],[],[],[],[],[],[],[],[],[],[],[],[],[],[],[],[],[],[],[],[],[],[],[],[],[],[],[],[],[],[],[],[],[],[],[],[],[],[],[],[],[],[],[],[]],"neow_cost":"NO_GOLD","improvable_cards":{},"seed_source_timestamp":0,"shop_contents":[{"floor":21,"relics":["InkBottle","Tiny Chest","Brimstone"],"cards":["Cleave","Wild Strike","Armaments","Sentinel","Combust","PanicButton"],"potions":["PowerPotion","DistilledChaos","FairyPotion"]},{"floor":46,"relics":["Lizard Tail","Bottled Tornado"],"cards":["Whirlwind","Hemokinesis","Exhume","Infernal Blade","Discovery","HandOfGreed"],"potions":["Energy Potion","GamblersBrew","FearPotion"]},{"floor":54,"relics":["Pear","Centennial Puzzle","HandDrill"],"cards":["Dropkick","Searing Blow","Spot Weakness","Offering","Fire Breathing","Impatience","Master of Strategy"],"potions":["CultistPotion","ColorlessPotion"]}],"circlet_count":0,"master_deck":["AscendersBane","Strike_R","Strike_R","Defend_R","Defend_R","Defend_R","Bash+1","Bludgeon+1","Headbutt","Bloodletting+1","Anger","Pommel Strike+1","Evolve","Shockwave+1","Pommel Strike+1","Demon Form","Immolate","Impervious","Apotheosis+1","Corruption+1","Flame Barrier","True Grit+1","Shrug It Off","Double Tap","Pummel+1","Chrysalis","Enlightenment","Feel No Pain","Dual Wield+1","Dark Embrace","Second Wind"],"special_seed":0,"potion_use_per_floor":[[],[],[],[],[],[],["SteroidPotion"],[],[],[],[],[],["Explosive Potion"],[],[],[],[],[],[],[],[],["Fruit Juice"],[],["Strength Potion","AttackPotion"],[],[],[],[],["LiquidMemories"],[],[],[],[],[],[],[],[],[],["GamblersBrew"],[],[],[],[],[],[],[],[],[],[],["ElixirPotion"],[],[],[],[],[],["Swift Potion","Strength Potion"]],"relics":["Burning Blood","Eternal Feather","Red Skull","Bottled Lightning","Letter Opener","Runic Pyramid","Kunai","Vajra","Smiling Mask","Ancient Tea Set","Unceasing Top","CeramicFish","Coffee Dripper","MealTicket","Champion Belt","Bag of Preparation","Boot","TheAbacus","Shovel","Blue Candle","Mercury Hourglass"],"potions_floor_usage":[56,56],"damage_taken":[{"damage":9.0,"enemies":"Jaw Worm","floor":1.0,"turns":3.0},{"damage":14.0,"enemies":"2 Louse","floor":2.0,"turns":2.0},{"damage":0.0,"enemies":"Cultist","floor":4.0,"turns":2.0},{"damage":22.0,"enemies":"Large Slime","floor":5.0,"turns":5.0},{"damage":8.0,"enemies":"Gremlin Nob","floor":7.0,"turns":3.0},{"damage":12.0,"enemies":"Looter","floor":10.0,"turns":3.0},{"damage":23.0,"enemies":"3 Sentries","floor":11.0,"turns":5.0},{"damage":11.0,"enemies":"Exordium Thugs","floor":13.0,"turns":3.0},{"damage":3.0,"enemies":"Gremlin Nob","floor":14.0,"turns":2.0},{"damage":31.0,"enemies":"Hexaghost","floor":16.0,"turns":5.0},{"damage":3.0,"enemies":"Chosen","floor":18.0,"turns":3.0},{"damage":9.0,"enemies":"Spheric Guardian","floor":20.0,"turns":5.0},{"damage":9.0,"enemies":"Snake Plant","floor":22.0,"turns":4.0},{"damage":36.0,"enemies":"Book of Stabbing","floor":24.0,"turns":5.0},{"damage":37.0,"enemies":"Slavers","floor":27.0,"turns":5.0},{"damage":3.0,"enemies":"Cultist and Chosen","floor":28.0,"turns":3.0},{"damage":3.0,"enemies":"Gremlin Leader","floor":29.0,"turns":5.0},{"damage":8.0,"enemies":"Book of Stabbing","floor":31.0,"turns":5.0},{"damage":34.0,"enemies":"Automaton","floor":33.0,"turns":9.0},{"damage":3.0,"enemies":"Orb Walker","floor":35.0,"turns":2.0},{"damage":14.0,"enemies":"3 Darklings","floor":37.0,"turns":5.0},{"damage":11.0,"enemies":"Writhing Mass","floor":39.0,"turns":7.0},{"damage":9.0,"enemies":"Reptomancer","floor":42.0,"turns":6.0},{"damage":12.0,"enemies":"Nemesis","floor":44.0,"turns":5.0},{"damage":0.0,"enemies":"Spire Growth","floor":45.0,"turns":3.0},{"damage":0.0,"enemies":"2 Orb Walkers","floor":47.0,"turns":2.0},{"damage":0.0,"enemies":"Jaw Worm Horde","floor":48.0,"turns":4.0},{"damage":41.0,"enemies":"Donu and Deca","floor":50.0,"turns":7.0},{"damage":41.0,"enemies":"Awakened One","floor":51.0,"turns":7.0},{"damage":29.0,"enemies":"Shield and Spear","floor":55.0,"turns":5.0},{"damage":79,"enemies":"The Heart","floor":56,"turns":6}],"green_key_taken_log":42,"seed_played":"4030116642311743651","neow_bonus_log":{"cardsObtained":[],"cardsUpgraded":[],"cardsRemoved":[],"cardsTransformed":[],"relicsObtained":[],"maxHpGained":0,"goldGained":0,"damageTaken":0,"goldLost":99,"maxHpLost":0},"potions_obtained":[{"floor":1.0,"key":"SteroidPotion"},{"floor":2.0,"key":"Strength Potion"},{"floor":10.0,"key":"SkillPotion"},{"floor":11.0,"key":"Explosive Potion"},{"floor":13.0,"key":"SpeedPotion"},{"floor":18.0,"key":"Fruit Juice"},{"floor":22.0,"key":"AttackPotion"},{"floor":28.0,"key":"LiquidMemories"},{"floor":33.0,"key":"GamblersBrew"},{"floor":39.0,"key":"ElixirPotion"},{"floor":42.0,"key":"Weak Potion"},{"floor":48.0,"key":"Strength Potion"}],"is_trial":false,"path_per_floor":["M","M","?","M","M","R","E","R","T","M","E","T","M","E","R","B",null,"M","?","M","$","M","R","E","R","T","E","M","E","?","E","R","B",null,"M","?","M","T","M","R","?","E","T","E","M","$","?","M","R","B","B",null,"R","$","E","B"],"character_chosen":"IRONCLAD","basemod:card_modifiers":[null,null,null,null,null,null,null,null,null,null,null,null,null,null,null,null,null,null,null,null,null,null,null,null,null,null,null,null,null,null,null],"items_purchased":["Apotheosis","Dark Embrace","TheAbacus","Swift Potion"],"campfire_rested":0,"item_purchase_floors":[21,46,46,54],"current_hp_per_floor":[65,57,57,63,47,47,45,54,54,48,31,31,26,29,41,16,60,63,63,60,60,62,74,44,56,56,25,28,31,31,29,44,16,64,67,62,54,54,49,67,67,64,64,58,64,79,80,80,80,45,10,63,80,80,57,0],"gold":80,"neow_bonus":"THREE_RARE_CARDS","is_prod":false,"is_daily":false,"rewards_skipped":[{"floor":55,"relics":[],"potions":["Weak Potion"]}],"chose_seed":false,"campfire_upgraded":7,"win_rate":0,"floor_exit_playtime":[76,102,114,130,200,219,299,317,333,362,449,457,529,561,568,638,672,712,729,816,849,938,952,1049,1064,1066,1163,1227,1352,1376,1445,1458,1770,1789,1886,1928,2031,2038,2213,2245,2250,2416,2419,2544,2605,2633,2714,2822,2827,3241,3570,3582,3633,3664,4059],"timestamp":1698844768,"blue_key_relic_skipped_log":{"floor":9,"relicID":"Art of War"},"path_taken":["M","M","?","M","M","R","E","R","T","M","E","?","M","E","R","BOSS","M","?","M","$","M","R","E","R","T","E","?","E","?","E","R","BOSS","M","?","M","?","M","R","?","E","T","E","M","$","?","M","R","BOSS","BOSS","R","$","E","BOSS"],"build_version":"2022-12-01","purchased_purges":3,"victory":false,"max_hp_per_floor":[75,75,75,75,75,75,75,75,75,75,75,75,75,75,75,75,75,75,75,75,75,80,80,80,80,80,80,80,80,80,80,80,80,80,80,80,80,80,80,80,80,80,80,80,80,80,80,80,80,80,80,80,80,80,80,80],"relic_stats":{"counters":[31,136],"CeramicFish":72,"Blue Candle":[1],"Eternal Feather":95,"Bag of Preparation":[16],"Letter Opener":[210],"Smiling Mask":125,"Ancient Tea Set":[8],"Boot":[2],"Burning Blood":169,"Mercury Hourglass":[18],"TheAbacus":[48],"Shovel":1,"MealTicket":15,"Bottled Lightning":"Shockwave","Kunai":[27],"Champion Belt":[21],"obtain_stats":[{"CeramicFish":31,"Blue Candle":53,"Vajra":26,"Eternal Feather":7,"Bag of Preparation":43,"Letter Opener":14,"Smiling Mask":27,"Ancient Tea Set":29,"Boot":44,"Burning Blood":0,"Mercury Hourglass":55,"TheAbacus":46,"Shovel":47,"MealTicket":38,"Coffee Dripper":34,"Bottled Lightning":12,"Kunai":24,"Champion Belt":42,"Red Skull":11,"Unceasing Top":30,"Runic Pyramid":17},{"CeramicFish":18,"Blue Candle":29,"Vajra":14,"Eternal Feather":5,"Bag of Preparation":23,"Letter Opener":9,"Smiling Mask":15,"Ancient Tea Set":17,"Boot":24,"Burning Blood":0,"Mercury Hourglass":30,"TheAbacus":25,"Shovel":26,"MealTicket":21,"Coffee Dripper":19,"Bottled Lightning":7,"Kunai":14,"Champion Belt":23,"Red Skull":7,"Unceasing Top":17,"Runic Pyramid":10},{"CeramicFish":68,"Blue Candle":125,"Vajra":50,"Eternal Feather":15,"Bag of Preparation":97,"Letter Opener":28,"Smiling Mask":55,"Ancient Tea Set":63,"Boot":102,"Burning Blood":0,"Mercury Hourglass":130,"TheAbacus":105,"Shovel":107,"MealTicket":84,"Coffee Dripper":77,"Bottled Lightning":23,"Kunai":50,"Champion Belt":97,"Red Skull":23,"Unceasing Top":63,"Runic Pyramid":33}],"Unceasing Top":[2]},"card_choices":[{"not_picked":["Juggernaut","Impervious"],"picked":"Bludgeon","floor":0.0},{"not_picked":["Uppercut","Power Through"],"picked":"Headbutt","floor":1.0},{"not_picked":["Headbutt","Warcry"],"picked":"Bloodletting","floor":2.0},{"not_picked":["Thunderclap","Armaments"],"picked":"Anger","floor":4.0},{"not_picked":["Headbutt","Flex"],"picked":"Pommel Strike","floor":5.0},{"not_picked":["Intimidate","Infernal Blade","Heavy Blade"],"picked":"SKIP","floor":7.0},{"not_picked":["Flex","Anger"],"picked":"Evolve","floor":10.0},{"not_picked":["Burning Pact","Feed"],"picked":"Shockwave","floor":11.0},{"not_picked":["Headbutt","Iron Wave"],"picked":"Pommel Strike","floor":13.0},{"not_picked":["Cleave","Iron Wave"],"picked":"Demon Form","floor":14.0},{"not_picked":["Fiend Fire","Impervious"],"picked":"Immolate","floor":16.0},{"not_picked":["Clash","Pommel Strike","Thunderclap"],"picked":"SKIP","floor":18.0},{"not_picked":["Perfected Strike","Twin Strike+1","Sentinel"],"picked":"SKIP","floor":20.0},{"not_picked":["Twin Strike","Whirlwind+1","Iron Wave"],"picked":"SKIP","floor":22.0},{"not_picked":["Metallicize","Seeing Red"],"picked":"Corruption","floor":24.0},{"not_picked":["Anger+1","Perfected Strike"],"picked":"Flame Barrier","floor":27.0},{"not_picked":["Bloodletting","Armaments"],"picked":"True Grit+1","floor":28.0},{"not_picked":["Searing Blow","Anger"],"picked":"Shrug It Off","floor":29.0},{"not_picked":["Cleave","Perfected Strike","Armaments"],"picked":"SKIP","floor":31.0},{"not_picked":["Immolate","Limit Break"],"picked":"Double Tap","floor":33.0},{"not_picked":["Headbutt+1","Anger"],"picked":"Pummel+1","floor":35.0},{"not_picked":["Good Instincts","Bandage Up"],"picked":"Chrysalis","floor":36.0},{"not_picked":["Madness","Violence"],"picked":"Enlightenment","floor":36.0},{"not_picked":["Thunderclap","Iron Wave","Headbutt+1"],"picked":"SKIP","floor":37.0},{"not_picked":["Shrug It Off+1","Twin Strike","Pummel"],"picked":"SKIP","floor":39.0},{"not_picked":["Headbutt","Cleave+1","Uppercut"],"picked":"SKIP","floor":42.0},{"not_picked":["Searing Blow","Metallicize"],"picked":"Feel No Pain","floor":44.0},{"not_picked":["Warcry","Body Slam+1"],"picked":"Dual Wield+1","floor":45.0},{"not_picked":["Whirlwind+1","Iron Wave","Sever Soul"],"picked":"SKIP","floor":47.0},{"not_picked":["Carnage","Havoc","Thunderclap+1"],"picked":"SKIP","floor":48.0},{"not_picked":["Shrug It Off","Searing Blow"],"picked":"Second Wind","floor":55.0}],"player_experience":212072,"relics_obtained":[{"floor":7.0,"key":"Eternal Feather"},{"floor":11.0,"key":"Red Skull"},{"floor":12.0,"key":"Bottled Lightning"},{"floor":14.0,"key":"Letter Opener"},{"floor":24.0,"key":"Kunai"},{"floor":26.0,"key":"Vajra"},{"floor":27.0,"key":"Smiling Mask"},{"floor":29.0,"key":"Ancient Tea Set"},{"floor":31.0,"key":"CeramicFish"},{"floor":38.0,"key":"MealTicket"},{"floor":42.0,"key":"Champion Belt"},{"floor":43.0,"key":"Bag of Preparation"},{"floor":44.0,"key":"Boot"},{"floor":47.0,"key":"Shovel"},{"floor":53.0,"key":"Blue Candle"},{"floor":55.0,"key":"Mercury Hourglass"}],"event_choices":[{"damage_healed":0.0,"max_hp_gain":0.0,"max_hp_loss":0.0,"gold_gain":0.0,"event_name":"Living Wall","player_choice":"Grow","floor":3.0,"gold_loss":0.0,"damage_taken":0.0,"cards_upgraded":["Bludgeon"]},{"damage_healed":0.0,"max_hp_gain":0.0,"max_hp_loss":0.0,"gold_gain":0.0,"event_name":"Match and Keep!","player_choice":"1 cards matched","floor":19.0,"gold_loss":0.0,"damage_taken":0.0,"cards_obtained":["Impervious"]},{"damage_healed":0.0,"max_hp_gain":0.0,"max_hp_loss":0.0,"gold_gain":0.0,"event_name":"Addict","player_choice":"Obtained Relic","floor":30.0,"gold_loss":85.0,"damage_taken":0.0,"relics_obtained":["Unceasing Top"]},{"damage_healed":0.0,"max_hp_gain":0.0,"max_hp_loss":0.0,"gold_gain":0.0,"event_name":"SensoryStone","player_choice":"Memory 2","floor":36.0,"gold_loss":0.0,"damage_taken":5.0},{"cards_removed":["Defend_R"],"damage_healed":0.0,"max_hp_gain":0.0,"max_hp_loss":0.0,"gold_gain":0.0,"event_name":"Falling","player_choice":"Removed Skill","floor":41.0,"gold_loss":0.0,"damage_taken":0.0},{"damage_healed":0.0,"max_hp_gain":0.0,"max_hp_loss":0.0,"gold_gain":0.0,"event_name":"Mysterious Sphere","player_choice":"Fight","floor":47.0,"gold_loss":0.0,"damage_taken":0.0}],"is_beta":false,"boss_relics":[{"not_picked":["Mark of Pain","Tiny House"],"picked":"Runic Pyramid"},{"not_picked":["Snecko Eye","Busted Crown"],"picked":"Coffee Dripper"}],"items_purged_floors":[21,46,54],"is_endless":false,"potions_floor_spawned":[1,2,10,11,13,18,22,28,33,39,42,48,55],"killed_by":"The Heart","ascension_level":20,"potion_discard_per_floor":[[],[],[],[],[],[],[],[],[],[],["SkillPotion"],[],[],[],[],[],[],["SpeedPotion"],[],[],[],[],[],[],[],[],[],[],[],[],[],[],[],[],[],[],[],[],[],[],[],[],[],[],[],[],[],["Weak Potion"],[],[],[],[],[],[],[],[]]}