{"neow_bonuses_skipped_log":["TEN_PERCENT_HP_BONUS"],"neow_costs_skipped_log":["NONE"],"potions_obtained_entropic_brew":[[],[],[],[],[],[],[],[],[],[],[],[],[],[],[],[],[],[],[],[],[],[],[],[]],"gold_per_floor":[113,113,188,13,42,80,80,121,176,190,223,244,244,38,38,122,122,168,195,242,260,260,260,260],"floor_reached":24,"playtime":1490,"items_purged":[],"score":478,"play_id":"b2c075c1-0064-41c0-8d6e-7a72dae24b99","local_time":"20231122085728","score_breakdown":["Floors Climbed (24): 120","Enemies Slain (7): 14","Exordium Elites Killed (3): 30","City Elites Killed (0): 0","Bosses Slain (1): 50","Champion (1): 25","Ascension (20): 239"],"is_ascension_mode":true,"potions_obtained_alchemize":[[],[],[],[],[],[],[],[],[],[],[],[],[],[],[],[],[],[],[],[],[],[],[],[]],"campfire_choices":[{"data":"Bash","floor":7,"key":"SMITH"},{"data":"Inflame","floor":13,"key":"SMITH"},{"data":"HandOfGreed","floor":15,"key":"SMITH"},{"data":"Immolate","floor":23,"key":"SMITH"}],"lesson_learned_per_floor":[[],[],[],[],[],[],[],[],[],[],[],[],[],[],[],[],[],[],[],[],[],[],[],[]],"neow_cost":"NONE","improvable_cards":{},"seed_source_timestamp":52978400422625,"shop_contents":[{"floor":4,"relics":["StrikeDummy","Boot","TheAbacus"],"cards":["Dropkick","Wild Strike","Shrug It Off","Deep Breath","The Bomb"],"potions":["ElixirPotion","Dexterity Potion"]},{"floor":14,"relics":["Tiny Chest","Bottled Flame","DollysMirror"],"cards":["Cleave","Thunderclap","Ghostly Armor","Sentinel","Inflame","Flash of Steel"],"potions":["Strength Potion","BloodPotion","LiquidBronze"]}],"circlet_count":0,"master_deck":["AscendersBane","Strike_R","Strike_R","Strike_R","Strike_R","Defend_R","Defend_R+1","Defend_R","Defend_R+1","Bash+1","Warcry","Inflame+1","Inflame","Twin Strike","Wild Strike","Anger","HandOfGreed+1","Brutality","Pummel+1","Pommel Strike","Reaper","Immolate+1","Searing Blow"],"potion_use_per_floor":[[],[],[],[],[],[],[],["DuplicationPotion"],[],[],["Fire Potion"],[],[],[],[],["Regen Potion"],[],[],["Fruit Juice"],["Regen Potion"],[],[],[],[]],"relics":["Burning Blood","NeowsBlessing","CeramicFish","War Paint","Question Card","Toy Ornithopter","Kunai","Runic Dome"],"potions_floor_usage":[8,11,16,19,20],"damage_taken":[{"damage":0,"enemies":"Jaw Worm","floor":1,"turns":1},{"damage":0,"enemies":"Small Slimes","floor":5,"turns":2},{"damage":0,"enemies":"3 Sentries","floor":6,"turns":1},{"damage":24,"enemies":"Lagavulin","floor":8,"turns":6},{"damage":16,"enemies":"2 Louse","floor":10,"turns":2},{"damage":15,"enemies":"3 Sentries","floor":11,"turns":5},{"damage":8,"enemies":"Blue Slaver","floor":12,"turns":3},{"damage":45,"enemies":"Hexaghost","floor":16,"turns":8},{"damage":17,"enemies":"2 Thieves","floor":18,"turns":4},{"damage":10,"enemies":"Chosen","floor":19,"turns":4},{"damage":52,"enemies":"Shelled Parasite and Fungi","floor":20,"turns":5},{"damage":47,"enemies":"Book of Stabbing","floor":24,"turns":3}],"green_key_taken_log":11,"seed_played":"-165782808047264705","neow_bonus_log":{"cardsObtained":[],"cardsUpgraded":[],"cardsRemoved":[],"cardsTransformed":[],"relicsObtained":["NeowsBlessing"],"maxHpGained":0,"goldGained":0,"damageTaken":0,"goldLost":0,"maxHpLost":0},"potions_obtained":[{"floor":5,"key":"Regen Potion"},{"floor":10,"key":"Fire Potion"},{"floor":16,"key":"Regen Potion"},{"floor":18,"key":"Fruit Juice"},{"floor":19,"key":"Fire Potion"}],"is_trial":false,"path_per_floor":["M","?","?","$","M","E","R","E","T","M","E","M","R","$","R","B",null,"M","M","M","?","?","R","E"],"character_chosen":"IRONCLAD","basemod:card_modifiers":[null,null,null,null,null,null,null,null,null,null,null,null,null,null,null,null,null,null,null,null,null,null,null],"items_purchased":["Warcry","Inflame","DuplicationPotion","HandOfGreed"],"campfire_rested":0,"item_purchase_floors":[4,4,4,14],"current_hp_per_floor":[74,69,58,58,64,70,70,52,52,42,38,36,36,36,36,17,61,50,56,29,29,45,45,0],"gold":260,"neow_bonus":"THREE_ENEMY_KILL","is_prod":false,"is_daily":false,"rewards_skipped":[],"chose_seed":false,"campfire_upgraded":4,"win_rate":0,"floor_exit_playtime":[63,75,83,152,180,199,225,335,338,431,645,721,729,763,774,872,930,1042,1117,1262,1414,1422,1436],"timestamp":1700661448,"path_taken":["M","?","?","$","M","E","R","E","T","M","E","M","R","?","R","BOSS","M","M","M","?","?","R","E"],"build_version":"2022-12-01","purchased_purges":0,"victory":false,"max_hp_per_floor":[75,75,75,75,75,75,75,75,75,75,75,75,75,75,75,75,75,75,80,80,80,80,80,80],"relic_stats":{"counters":[12,44],"CeramicFish":117,"Kunai":[11],"War Paint":["Defend_R","Defend_R"],"Question Card":7,"obtain_stats":[{"Runic Dome":17,"NeowsBlessing":0,"CeramicFish":2,"Kunai":11,"War Paint":6,"Question Card":8,"Burning Blood":0,"Toy Ornithopter":9},{"Runic Dome":8,"NeowsBlessing":0,"CeramicFish":1,"Kunai":6,"War Paint":3,"Question Card":4,"Burning Blood":0,"Toy Ornithopter":4},{"Runic Dome":28,"NeowsBlessing":0,"CeramicFish":1,"Kunai":17,"War Paint":4,"Question Card":10,"Burning Blood":0,"Toy Ornithopter":10}],"Burning Blood":66,"Toy Ornithopter":20},"card_choices":[{"not_picked":["Rupture","Clash"],"picked":"Perfected Strike","floor":1},{"not_picked":["Perfected Strike","Heavy Blade"],"picked":"Inflame","floor":5},{"not_picked":["Shrug It Off","Limit Break"],"picked":"Twin Strike","floor":6},{"not_picked":["Reckless Charge","Iron Wave"],"picked":"Wild Strike","floor":8},{"not_picked":["Headbutt","Iron Wave","Hemokinesis","Rupture"],"picked":"SKIP","floor":10},{"not_picked":["Havoc","Perfected Strike","Clash","Inflame"],"picked":"SKIP","floor":11},{"not_picked":["Flex","Havoc","Intimidate"],"picked":"Anger","floor":12},{"not_picked":["Limit Break","Exhume","Barricade"],"picked":"Brutality","floor":16},{"not_picked":["Inflame","Flex","Headbutt"],"picked":"Pummel+1","floor":18},{"not_picked":["Twin Strike","Iron Wave","Anger"],"picked":"Pommel Strike","floor":19},{"not_picked":["Dual Wield","Wild Strike","Thunderclap"],"picked":"Reaper","floor":20}],"player_experience":202687,"relics_obtained":[{"floor":6,"key":"War Paint"},{"floor":8,"key":"Question Card"},{"floor":9,"key":"Toy Ornithopter"},{"floor":11,"key":"Kunai"}],"event_choices":[{"damage_healed":0,"gold_gain":0,"player_choice":"Success","damage_taken":5,"relics_obtained":["CeramicFish"],"max_hp_gain":0,"max_hp_loss":0,"event_name":"Scrap Ooze","floor":2,"gold_loss":0},{"damage_healed":0,"gold_gain":75,"player_choice":"Gather Gold","damage_taken":11,"max_hp_gain":0,"max_hp_loss":0,"event_name":"World of Goop","floor":3,"gold_loss":0},{"damage_healed":0,"gold_gain":0,"cards_transformed":["Perfected Strike","Strike_R"],"player_choice":"Became Test Subject","damage_taken":0,"max_hp_gain":0,"max_hp_loss":0,"event_name":"Drug Dealer","floor":21,"gold_loss":0,"cards_obtained":["Immolate","Searing Blow"]},{"damage_healed":16,"gold_gain":0,"player_choice":"Heal","damage_taken":0,"max_hp_gain":0,"max_hp_loss":0,"event_name":"The Library","floor":22,"gold_loss":0}],"is_beta":false,"boss_relics":[{"not_picked":["Mark of Pain","Black Blood"],"picked":"Runic Dome"}],"items_purged_floors":[],"is_endless":false,"potions_floor_spawned":[5,10,16,18,19],"killed_by":"Book of Stabbing","ascension_level":20,"potion_discard_per_floor":[[],[],[],[],[],[],[],[],[],[],[],[],[],[],[],[],[],[],[],[],[],[],[],[]]}