{"neow_bonuses_skipped_log":["TRANSFORM_CARD","ONE_RARE_RELIC","BOSS_RELIC"],"neow_costs_skipped_log":["NONE","PERCENT_DAMAGE","NONE"],"potions_obtained_entropic_brew":[[],[],[],[],[],[],[],[],[],[],[],[],[],[],[],[]],"gold_per_floor":[113,113,188,198,9,35,54,54,54,81,81,108,108,122,122,122],"floor_reached":16,"playtime":846,"items_purged":[],"score":286,"play_id":"2f0dd551-8e7e-4872-a10d-c2e3cb0809c2","local_time":"20240113141118","score_breakdown":["Floors Climbed (16): 80","Enemies Slain (4): 8","Exordium Elites Killed (3): 30","Bosses Slain (0): 0","Champion (1): 25","Ascension (20): 143"],"is_ascension_mode":true,"potions_obtained_alchemize":[[],[],[],[],[],[],[],[],[],[],[],[],[],[],[],[]],"campfire_choices":[{"data":"Bash","floor":8,"key":"SMITH"},{"data":"Shockwave","floor":13,"key":"SMITH"},{"data":"Pommel Strike","floor":15,"key":"SMITH"}],"lesson_learned_per_floor":[[],[],[],[],[],[],[],[],[],[],[],[],[],[],[],[]],"neow_cost":"NONE","improvable_cards":{},"seed_source_timestamp":9934724875000,"shop_contents":[{"floor":5,"relics":["Bottled Flame","Mercury Hourglass"],"cards":["Sword Boomerang","Twin Strike","Flex","Double Tap","Dark Embrace","Panacea","Master of Strategy"],"potions":["Swift Potion","LiquidMemories"]}],"circlet_count":0,"master_deck":["AscendersBane","Strike_R","Strike_R","Strike_R","Strike_R","Strike_R","Defend_R","Defend_R","Defend_R","Defend_R","Bash+1","Armaments","Cleave","Rampage","Anger","True Grit","Shockwave+1","Pommel Strike+1"],"potion_use_per_floor":[[],[],[],[],[],[],[],[],[],[],[],["SteroidPotion"],[],["BloodPotion"],[],["GamblersBrew"]],"relics":["Burning Blood","NeowsBlessing","Membership Card","Matryoshka","Lantern","WingedGreaves","Smiling Mask","Boot"],"potions_floor_usage":[12,14,16],"damage_taken":[{"damage":0,"enemies":"Cultist","floor":1,"turns":1},{"damage":0,"enemies":"2 Louse","floor":4,"turns":2},{"damage":0,"enemies":"3 Sentries","floor":6,"turns":2},{"damage":14,"enemies":"Jaw Worm","floor":7,"turns":4},{"damage":34,"enemies":"Gremlin Nob","floor":10,"turns":4},{"damage":30,"enemies":"Lagavulin","floor":12,"turns":6},{"damage":11,"enemies":"Exordium Thugs","floor":14,"turns":5},{"damage":30,"enemies":"Hexaghost","floor":16,"turns":8}],"green_key_taken_log":6,"seed_played":"-8133542966862369777","neow_bonus_log":{"cardsObtained":[],"cardsUpgraded":[],"cardsRemoved":[],"cardsTransformed":[],"relicsObtained":["NeowsBlessing"],"maxHpGained":0,"goldGained":0,"damageTaken":0,"goldLost":0,"maxHpLost":0},"potions_obtained":[{"floor":1,"key":"BloodPotion"},{"floor":12,"key":"GamblersBrew"}],"is_trial":false,"path_per_floor":["M","?","?","M","$","E","M","R","T","E","?","E","R","M","R","B"],"character_chosen":"IRONCLAD","basemod:card_modifiers":[null,null,null,null,null,null,null,null,null,null,null,null,null,null,null,null,null,null],"items_purchased":["Membership Card","SteroidPotion"],"campfire_rested":0,"item_purchase_floors":[5,5],"current_hp_per_floor":[74,74,63,69,69,75,67,67,67,39,39,15,15,25,25,0],"gold":122,"neow_bonus":"THREE_ENEMY_KILL","is_prod":false,"is_daily":false,"rewards_skipped":[{"floor":6,"relics":[],"potions":["ElixirPotion"]},{"floor":7,"relics":[],"potions":["ColorlessPotion"]}],"chose_seed":false,"campfire_upgraded":3,"win_rate":0,"floor_exit_playtime":[105,125,130,154,183,217,271,314,330,401,411,547,574,687,700],"timestamp":1705173078,"path_taken":["M","?","?","M","$","E","M","R","T","E","?","E","R","?","R","BOSS"],"build_version":"2022-12-01","purchased_purges":0,"victory":false,"max_hp_per_floor":[75,75,75,75,75,75,75,75,75,75,75,75,75,75,75,75],"relic_stats":{"Matryoshka":1,"counters":[8,32],"WingedGreaves":0,"Membership Card":28,"Smiling Mask":0,"Boot":[0],"obtain_stats":[{"Lantern":9,"Matryoshka":6,"NeowsBlessing":0,"WingedGreaves":9,"Membership Card":5,"Smiling Mask":10,"Boot":12,"Burning Blood":0},{"Lantern":4,"Matryoshka":3,"NeowsBlessing":0,"WingedGreaves":4,"Membership Card":2,"Smiling Mask":5,"Boot":6,"Burning Blood":0},{"Lantern":9,"Matryoshka":5,"NeowsBlessing":0,"WingedGreaves":9,"Membership Card":3,"Smiling Mask":13,"Boot":19,"Burning Blood":0}],"Burning Blood":42},"card_choices":[{"not_picked":["Feel No Pain","Iron Wave"],"picked":"Armaments","floor":1},{"not_picked":["Entrench","Wild Strike"],"picked":"Cleave","floor":4},{"not_picked":["Thunderclap","Hemokinesis"],"picked":"Rampage","floor":6},{"not_picked":["Havoc","Armaments"],"picked":"Anger","floor":7},{"not_picked":["Power Through","Ghostly Armor"],"picked":"True Grit","floor":10},{"not_picked":["Anger","Evolve"],"picked":"Shockwave","floor":12},{"not_picked":["Barricade","Armaments"],"picked":"Pommel Strike","floor":14}],"player_experience":122433,"relics_obtained":[{"floor":6,"key":"Matryoshka"},{"floor":9,"key":"Lantern"},{"floor":9,"key":"WingedGreaves"},{"floor":10,"key":"Smiling Mask"},{"floor":12,"key":"Boot"}],"event_choices":[{"damage_healed":0,"gold_gain":0,"player_choice":"0 cards matched","damage_taken":0,"max_hp_gain":0,"max_hp_loss":0,"event_name":"Match and Keep!","floor":2,"gold_loss":0,"cards_obtained":[]},{"damage_healed":0,"gold_gain":75,"player_choice":"Gather Gold","damage_taken":11,"max_hp_gain":0,"max_hp_loss":0,"event_name":"World of Goop","floor":3,"gold_loss":0},{"damage_healed":0,"gold_gain":0,"player_choice":"Ignored","damage_taken":0,"max_hp_gain":0,"max_hp_loss":0,"event_name":"Liars Game","floor":11,"gold_loss":0}],"is_beta":false,"boss_relics":[],"items_purged_floors":[],"is_endless":false,"potions_floor_spawned":[1,6,7,12],"killed_by":"Hexaghost","ascension_level":20,"potion_discard_per_floor":[[],[],[],[],[],[],[],[],[],[],[],[],[],[],[],[]]}