{"neow_bonuses_skipped_log":["RANDOM_COLORLESS","THREE_SMALL_POTIONS","TWO_FIFTY_GOLD"],"neow_costs_skipped_log":["NONE","NONE","CURSE"],"potions_obtained_entropic_brew":[[],[],[],[],[],[],[],[],[],[],[],[],[],[],[],[],[],[],[],[],[],[],[],[],[],[],[],[],[],[],[],[],[]],"gold_per_floor":[112,112,132,132,146,146,146,181,181,201,270,300,300,315,315,388,388,401,28,45,58,58,58,90,90,90,90,104,47,63,89,89,89],"floor_reached":33,"playtime":2695,"items_purged":["Strike_R"],"score":740,"play_id":"acf1eb3a-b1dd-4f0e-99d0-a2f3fe6bc9a1","local_time":"20240119005248","score_breakdown":["Floors Climbed (33): 165","Enemies Slain (10): 20","Exordium Elites Killed (2): 20","City Elites Killed (2): 40","Bosses Slain (1): 50","Collector (1): 25","Well Fed: 25","Perfect (1): 50","Ascension (20): 345"],"is_ascension_mode":true,"potions_obtained_alchemize":[[],[],[],[],[],[],[],[],[],[],[],[],[],[],[],[],[],[],[],[],[],[],[],[],[],[],[],[],[],[],[],[],[]],"campfire_choices":[{"data":"Perfected Strike","floor":6.0,"key":"SMITH"},{"data":"Pommel Strike","floor":13.0,"key":"SMITH"},{"data":"Uppercut","floor":15.0,"key":"SMITH"},{"floor":23.0,"key":"REST"},{"data":"Strike_R","floor":25.0,"key":"PURGE"},{"data":"Strike_R","floor":27.0,"key":"PURGE"},{"floor":32,"key":"REST"}],"lesson_learned_per_floor":[[],[],[],[],[],[],[],[],[],[],[],[],[],[],[],[],[],[],[],[],[],[],[],[],[],[],[],[],[],[],[],[],[]],"neow_cost":"NONE","improvable_cards":{},"seed_source_timestamp":211560168930375,"shop_contents":[{"floor":19,"relics":["Dream Catcher","Incense Burner"],"cards":["Pummel","Dropkick","Seeing Red","Dual Wield","Metallicize","Apotheosis"],"potions":["DistilledChaos","BlessingOfTheForge"]},{"floor":29,"relics":["Bottled Lightning","Anchor","Chemical X"],"cards":["Sever Soul","Thunderclap","Infernal Blade","Armaments","Dark Embrace","Purity","HandOfGreed"],"potions":["Block Potion","Energy Potion"]}],"circlet_count":0,"master_deck":["AscendersBane","Strike_R","Strike_R","Defend_R","Defend_R","Defend_R","Bash","Perfected Strike+1","Carnage","Shockwave","Iron Wave","Pommel Strike+1","Armaments","Pommel Strike","Uppercut+1","Feed","Pommel Strike","PanicButton","Pommel Strike","Ghostly Armor","Evolve","Shrug It Off","Perfected Strike","Battle Trance","Pommel Strike"],"special_seed":0,"potion_use_per_floor":[[],[],[],[],[],[],[],[],[],[],[],["ColorlessPotion"],[],[],[],[],[],["Ancient Potion"],[],[],[],[],[],["BlessingOfTheForge"],[],[],[],["AttackPotion"],[],[],[],[],["Strength Potion"]],"relics":["Mark of Pain","Shuriken","Prayer Wheel","Vajra","Pear","Smiling Mask","Runic Dome","Toolbox","Nilry\u0027s Codex","Peace Pipe","Oddly Smooth Stone"],"potions_floor_usage":[28,33],"damage_taken":[{"damage":12.0,"enemies":"Jaw Worm","floor":1.0,"turns":3.0},{"damage":0.0,"enemies":"Cultist","floor":3.0,"turns":3.0},{"damage":0.0,"enemies":"2 Louse","floor":5.0,"turns":2.0},{"damage":15.0,"enemies":"Lagavulin","floor":8.0,"turns":6.0},{"damage":10.0,"enemies":"Exordium Thugs","floor":10.0,"turns":3.0},{"damage":5.0,"enemies":"3 Sentries","floor":12.0,"turns":5.0},{"damage":0.0,"enemies":"2 Fungi Beasts","floor":14.0,"turns":2.0},{"damage":0.0,"enemies":"Slime Boss","floor":16.0,"turns":5.0},{"damage":11.0,"enemies":"Spheric Guardian","floor":18.0,"turns":3.0},{"damage":0.0,"enemies":"Chosen","floor":20.0,"turns":3.0},{"damage":16.0,"enemies":"Snake Plant","floor":21.0,"turns":4.0},{"damage":32.0,"enemies":"Book of Stabbing","floor":24.0,"turns":5.0},{"damage":20,"enemies":"Shelled Parasite and Fungi","floor":28,"turns":3},{"damage":0,"enemies":"Centurion and Healer","floor":30,"turns":5},{"damage":4,"enemies":"Gremlin Leader","floor":31,"turns":4},{"damage":47,"enemies":"Collector","floor":33,"turns":6}],"seed_played":"4269861596920613887","neow_bonus_log":{"cardsObtained":[],"cardsUpgraded":[],"cardsRemoved":[],"cardsTransformed":[],"relicsObtained":["Mark of Pain"],"maxHpGained":0,"goldGained":0,"damageTaken":0,"goldLost":0,"maxHpLost":0},"potions_obtained":[{"floor":1.0,"key":"Energy Potion"},{"floor":8.0,"key":"Ancient Potion"},{"floor":10.0,"key":"ColorlessPotion"},{"floor":16.0,"key":"Weak Potion"},{"floor":21.0,"key":"BlessingOfTheForge"},{"floor":31,"key":"Strength Potion"}],"is_trial":false,"path_per_floor":["M","?","M","?","M","R","?","E","T","M","T","E","R","M","R","B",null,"M","$","M","M","?","R","E","R","T","R","M","$","M","E","R","B"],"character_chosen":"IRONCLAD","basemod:card_modifiers":[null,null,null,null,null,null,null,null,null,null,null,null,null,null,null,null,null,null,null,null,null,null,null,null,null],"items_purchased":["PanicButton","Toolbox","AttackPotion","Fire Potion"],"campfire_rested":2,"item_purchase_floors":[19,19,19,29],"current_hp_per_floor":[56,51,51,56,56,56,56,41,41,31,41,36,36,36,36,36,77,66,66,66,53,32,59,31,31,31,31,11,11,14,13,43,0],"gold":89,"neow_bonus":"BOSS_RELIC","is_prod":false,"is_daily":false,"rewards_skipped":[{"floor":20,"relics":[],"potions":["Energy Potion"]}],"chose_seed":false,"campfire_upgraded":3,"win_rate":0,"floor_exit_playtime":[287,310,360,383,408,447,459,538,541,697,701,836,846,920,927,1021,1089,1203,1411,1483,1578,1593,1597,1724,1743,1753,1803,1900,1954,2119,2375,2379],"timestamp":1705643568,"blue_key_relic_skipped_log":{"floor":26,"relicID":"Shovel"},"path_taken":["M","?","M","?","M","R","?","E","T","M","?","E","R","M","R","BOSS","M","$","M","M","?","R","E","R","T","R","?","$","M","E","R","BOSS"],"build_version":"2022-12-01","purchased_purges":1,"victory":false,"max_hp_per_floor":[75,75,75,80,80,80,80,80,80,80,90,90,90,90,90,90,90,90,90,90,93,93,93,97,97,97,97,97,97,100,103,103,103],"relic_stats":{"Peace Pipe":2,"counters":[16,62],"Shuriken":[16],"Nilry\u0027s Codex":[3,4,3,10],"Prayer Wheel":7,"Smiling Mask":25,"obtain_stats":[{"Peace Pipe":24,"Runic Dome":17,"Pear":11,"Shuriken":2,"Nilry\u0027s Codex":22,"Vajra":9,"Toolbox":19,"Oddly Smooth Stone":31,"Prayer Wheel":8,"Mark of Pain":0,"Smiling Mask":12,"Burning Blood":0},{"Peace Pipe":12,"Runic Dome":8,"Pear":5,"Shuriken":1,"Nilry\u0027s Codex":11,"Vajra":4,"Toolbox":9,"Oddly Smooth Stone":15,"Prayer Wheel":4,"Mark of Pain":0,"Smiling Mask":6,"Burning Blood":0},{"Peace Pipe":44,"Runic Dome":29,"Pear":17,"Shuriken":3,"Nilry\u0027s Codex":39,"Vajra":14,"Toolbox":32,"Oddly Smooth Stone":56,"Prayer Wheel":14,"Mark of Pain":0,"Smiling Mask":22,"Burning Blood":0}]},"card_choices":[{"not_picked":["Flex","Headbutt"],"picked":"Perfected Strike","floor":1.0},{"not_picked":["Metallicize","Inflame"],"picked":"Carnage","floor":3.0},{"not_picked":["Power Through","Headbutt"],"picked":"Shockwave","floor":5.0},{"not_picked":["Clash","Bludgeon"],"picked":"Iron Wave","floor":8.0},{"not_picked":["Perfected Strike","Ghostly Armor"],"picked":"Pommel Strike","floor":10.0},{"not_picked":["Clothesline","Burning Pact"],"picked":"Armaments","floor":10.0},{"not_picked":["Rampage","Pummel","Iron Wave"],"picked":"SKIP","floor":12.0},{"not_picked":["Iron Wave","Twin Strike"],"picked":"Pommel Strike","floor":14.0},{"not_picked":["Warcry","Bludgeon"],"picked":"Uppercut","floor":14.0},{"not_picked":["Bludgeon","Double Tap"],"picked":"Feed","floor":16.0},{"not_picked":["Spot Weakness","Anger+1"],"picked":"Pommel Strike","floor":18.0},{"not_picked":["Clash","Second Wind","Armaments"],"picked":"SKIP","floor":18.0},{"not_picked":["Flex","Spot Weakness"],"picked":"Pommel Strike","floor":20.0},{"not_picked":["Intimidate","Havoc"],"picked":"Ghostly Armor","floor":20.0},{"not_picked":["Flex","Heavy Blade"],"picked":"Evolve","floor":21.0},{"not_picked":["Blood for Blood","Thunderclap","Clash"],"picked":"SKIP","floor":21.0},{"not_picked":["Seeing Red","Shockwave","Juggernaut"],"picked":"SKIP","floor":24.0},{"not_picked":["Sever Soul","Iron Wave"],"picked":"Shrug It Off","floor":28},{"not_picked":["Infernal Blade","Combust"],"picked":"Perfected Strike","floor":28},{"not_picked":["Clothesline","Headbutt"],"picked":"Battle Trance","floor":30},{"not_picked":["Shockwave","Sever Soul","Body Slam"],"picked":"SKIP","floor":30},{"not_picked":["Cleave","Warcry"],"picked":"Pommel Strike","floor":31}],"player_experience":134413,"relics_obtained":[{"floor":8.0,"key":"Prayer Wheel"},{"floor":9.0,"key":"Vajra"},{"floor":11.0,"key":"Pear"},{"floor":12.0,"key":"Smiling Mask"},{"floor":22.0,"key":"Nilry\u0027s Codex"},{"floor":24.0,"key":"Peace Pipe"},{"floor":31,"key":"Oddly Smooth Stone"}],"event_choices":[{"damage_healed":0.0,"max_hp_gain":0.0,"max_hp_loss":0.0,"gold_gain":0.0,"event_name":"Scrap Ooze","player_choice":"Success","floor":2.0,"gold_loss":0.0,"damage_taken":5.0,"relics_obtained":["Shuriken"]},{"damage_healed":0.0,"max_hp_gain":5.0,"max_hp_loss":0.0,"gold_gain":0.0,"event_name":"Big Fish","player_choice":"Donut","floor":4.0,"gold_loss":0.0,"damage_taken":0.0},{"cards_removed":["Defend_R"],"damage_healed":0.0,"max_hp_gain":0.0,"max_hp_loss":0.0,"gold_gain":0.0,"event_name":"Bonfire Elementals","player_choice":"Offered Basic","floor":7.0,"gold_loss":0.0,"damage_taken":0.0},{"damage_healed":0.0,"max_hp_gain":0.0,"max_hp_loss":0.0,"gold_gain":0.0,"event_name":"Cursed Tome","player_choice":"Obtained Book","floor":22.0,"gold_loss":0.0,"damage_taken":21.0}],"is_beta":false,"boss_relics":[{"not_picked":["Philosopher\u0027s Stone","Sozu"],"picked":"Runic Dome"}],"items_purged_floors":[19],"is_endless":false,"potions_floor_spawned":[1,8,10,16,20,21,31],"killed_by":"Collector","ascension_level":20,"potion_discard_per_floor":[[],[],[],[],[],[],[],[],[],["Energy Potion"],[],[],[],[],[],[],[],[],[],[],["Weak Potion"],[],[],[],[],[],[],[],[],[],[],[],[]]}