{"neow_bonuses_skipped_log":["TEN_PERCENT_HP_BONUS","REMOVE_TWO","BOSS_RELIC"],"potions_obtained_entropic_brew":[[],[],[],[],[],[],[],[],[],[],[],[],[],[],[],["DistilledChaos","Regen Potion"],[],[],[],[],[],[],[],[],[],[],[],[],[],[],[],[],[],[],[],[],[],[],[],[],[],[],[],[],[],[],[],[],[],[],[],[],[],[],[],[],[]],"neow_costs_skipped_log":["NONE","PERCENT_DAMAGE","NONE"],"gold_per_floor":[117,129,146,157,20,20,46,66,90,124,138,165,165,90,90,164,164,180,180,180,180,190,215,233,267,294,338,40,40,74,91,91,163,163,182,202,221,221,245,277,277,308,308,326,344,364,392,411,411,411,411,411,411,42,73,73],"floor_reached":57,"playtime":7666,"items_purged":["Bite"],"score":3088,"play_id":"ed174ef2-119d-49c1-9b63-df51c8885100","local_time":"20240119140038","score_breakdown":["Floors Climbed (57): 285","Enemies Slain (17): 34","Exordium Elites Killed (3): 30","City Elites Killed (4): 80","Beyond Elites Killed (3): 90","Bosses Slain (5): 750","Stuffed: 50","Champion (4): 100","C-c-c-combo: 25","Ascension (20): 1394","Heartbreaker: 250"],"is_ascension_mode":true,"potions_obtained_alchemize":[[],[],[],[],[],[],[],[],[],[],[],[],[],[],[],[],[],[],[],[],[],[],[],[],[],[],[],[],[],[],[],[],[],[],[],[],[],[],[],[],[],[],[],[],[],[],[],[],[],[],[],[],[],[],[],[],[]],"campfire_choices":[{"data":"Whirlwind","floor":6.0,"key":"SMITH"},{"data":"Inflame","floor":13.0,"key":"SMITH"},{"data":"Brutality","floor":15.0,"key":"SMITH"},{"data":"Apotheosis","floor":32.0,"key":"SMITH"},{"floor":41.0,"key":"RECALL"},{"data":"Dark Embrace","floor":49,"key":"SMITH"},{"floor":53,"key":"REST"}],"lesson_learned_per_floor":[[],[],[],[],[],[],[],[],[],[],[],[],[],[],[],[],[],[],[],[],[],[],[],[],[],[],[],[],[],[],[],[],[],[],[],[],[],[],[],[],[],[],[],[],[],[],[],[],[],[],[],[],[],[],[],[],[]],"neow_cost":"NONE","improvable_cards":{},"seed_source_timestamp":4073849343041,"shop_contents":[{"floor":5,"relics":["Gremlin Horn","CaptainsWheel","Cauldron"],"cards":["Reaper","Rampage","Second Wind","Shrug It Off","Enlightenment","Metamorphosis"],"potions":["LiquidMemories","BloodPotion"]},{"floor":28,"relics":["Art of War","Bottled Tornado","Frozen Eye"],"cards":["Whirlwind+1","Havoc","Warcry","Swift Strike+1","Metamorphosis"],"potions":["PowerPotion","ElixirPotion","SneckoOil"]},{"floor":54,"relics":["Lizard Tail","Ginger","Lee\u0027s Waffle"],"cards":["Headbutt+1","Mayhem"],"potions":["Strength Potion","SneckoOil","Regen Potion"]}],"circlet_count":0,"master_deck":["AscendersBane","Defend_R","Bash","Whirlwind+1","Shrug It Off","Bloodletting","Inflame+1","Burning Pact","Impervious","Spot Weakness","Brutality+1","Offering","Bite","Bite","True Grit+1","Shockwave+1","Evolve+1","Feed+1","Dark Embrace+1","Barricade","Apotheosis+1","Headbutt+1","Fiend Fire+1","Clothesline+1","Rage+1","Flame Barrier","Battle Trance","Finesse","Dropkick+1","Dark Embrace","Havoc","Seeing Red"],"special_seed":0,"potion_use_per_floor":[[],[],[],[],[],[],["BlessingOfTheForge"],["Regen Potion"],[],["DuplicationPotion"],["Weak Potion"],["EssenceOfSteel"],[],[],[],["EntropicBrew","DistilledChaos"],[],["Regen Potion"],[],[],[],["Fire Potion"],["SkillPotion"],["PowerPotion"],["SteroidPotion"],[],["DuplicationPotion"],[],[],["HeartOfIron"],["SteroidPotion"],[],[],[],["Explosive Potion"],[],["HeartOfIron"],[],[],["PowerPotion"],[],["AttackPotion"],[],[],[],["Regen Potion","Block Potion"],["Block Potion"],[],[],["GamblersBrew","SteroidPotion"],[],[],[],[],["GamblersBrew"],["Weak Potion"],[]],"relics":["Burning Blood","Oddly Smooth Stone","Tiny Chest","White Beast Statue","Red Skull","Mark of Pain","Mummified Hand","Mercury Hourglass","PreservedInsect","MawBank","Molten Egg 2","Orichalcum","Empty Cage","Ancient Tea Set","Potion Belt","Mango","Pantograph","Kunai"],"potions_floor_usage":[46,46,47,50,50,55,56],"damage_taken":[{"damage":1.0,"enemies":"Cultist","floor":1.0,"turns":3.0},{"damage":9.0,"enemies":"Jaw Worm","floor":2.0,"turns":4.0},{"damage":0.0,"enemies":"2 Louse","floor":3.0,"turns":3.0},{"damage":19.0,"enemies":"Blue Slaver","floor":4.0,"turns":6.0},{"damage":29.0,"enemies":"3 Sentries","floor":7.0,"turns":7.0},{"damage":11.0,"enemies":"Exordium Thugs","floor":8.0,"turns":4.0},{"damage":8.0,"enemies":"Gremlin Nob","floor":10.0,"turns":3.0},{"damage":7.0,"enemies":"Red Slaver","floor":11.0,"turns":2.0},{"damage":3.0,"enemies":"3 Sentries","floor":12.0,"turns":2.0},{"damage":21.0,"enemies":"The Guardian","floor":16.0,"turns":14.0},{"damage":7.0,"enemies":"3 Byrds","floor":18.0,"turns":5.0},{"damage":15.0,"enemies":"Shell Parasite","floor":22.0,"turns":3.0},{"damage":10.0,"enemies":"Gremlin Leader","floor":23.0,"turns":5.0},{"damage":7.0,"enemies":"Snake Plant","floor":24.0,"turns":2.0},{"damage":4.0,"enemies":"Slavers","floor":25.0,"turns":2.0},{"damage":1.0,"enemies":"Gremlin Leader","floor":27.0,"turns":2.0},{"damage":17.0,"enemies":"Book of Stabbing","floor":30.0,"turns":5.0},{"damage":33.0,"enemies":"Shelled Parasite and Fungi","floor":31.0,"turns":7.0},{"damage":31.0,"enemies":"Automaton","floor":33.0,"turns":7.0},{"damage":15.0,"enemies":"Orb Walker","floor":35.0,"turns":4.0},{"damage":15.0,"enemies":"3 Shapes","floor":36.0,"turns":4.0},{"damage":20.0,"enemies":"Sphere and 2 Shapes","floor":37.0,"turns":7.0},{"damage":45.0,"enemies":"Nemesis","floor":40.0,"turns":13.0},{"damage":25.0,"enemies":"Giant Head","floor":42.0,"turns":5.0},{"damage":10,"enemies":"Jaw Worm Horde","floor":44,"turns":5},{"damage":11,"enemies":"4 Shapes","floor":45,"turns":6},{"damage":27,"enemies":"3 Darklings","floor":46,"turns":7},{"damage":57,"enemies":"Reptomancer","floor":47,"turns":6},{"damage":45,"enemies":"Jaw Worm Horde","floor":48,"turns":6},{"damage":44,"enemies":"Donu and Deca","floor":50,"turns":9},{"damage":57,"enemies":"Awakened One","floor":51,"turns":21},{"damage":65,"enemies":"Shield and Spear","floor":55,"turns":12},{"damage":92,"enemies":"The Heart","floor":56,"turns":8}],"green_key_taken_log":27,"seed_played":"6979533416208351972","neow_bonus_log":{"cardsObtained":[],"cardsUpgraded":[],"cardsRemoved":["Strike_R"],"cardsTransformed":[],"relicsObtained":[],"maxHpGained":0,"goldGained":0,"damageTaken":0,"goldLost":0,"maxHpLost":0},"potions_obtained":[{"floor":4.0,"key":"Weak Potion"},{"floor":7.0,"key":"Regen Potion"},{"floor":8.0,"key":"DuplicationPotion"},{"floor":11.0,"key":"EssenceOfSteel"},{"floor":12.0,"key":"EntropicBrew"},{"floor":16.0,"key":"Fire Potion"},{"floor":18.0,"key":"PowerPotion"},{"floor":22.0,"key":"SkillPotion"},{"floor":23.0,"key":"FairyPotion"},{"floor":24.0,"key":"SteroidPotion"},{"floor":25.0,"key":"DuplicationPotion"},{"floor":27.0,"key":"HeartOfIron"},{"floor":30.0,"key":"SteroidPotion"},{"floor":31.0,"key":"Explosive Potion"},{"floor":35.0,"key":"HeartOfIron"},{"floor":37.0,"key":"PowerPotion"},{"floor":40.0,"key":"AttackPotion"},{"floor":42.0,"key":"Regen Potion"},{"floor":44,"key":"GamblersBrew"},{"floor":45,"key":"Block Potion"},{"floor":46,"key":"Block Potion"},{"floor":47,"key":"SteroidPotion"},{"floor":48,"key":"GamblersBrew"},{"floor":55,"key":"Weak Potion"}],"is_trial":false,"path_per_floor":["M","M","M","M","$","R","E","M","T","E","M","E","R","?","R","B",null,"M","?","?","T","M","E","M","E","T","E","$","?","E","M","R","B",null,"M","M","M","?","T","E","R","E","T","M","M","M","E","M","R","B","B",null,"R","$","E","B",null],"character_chosen":"IRONCLAD","basemod:card_modifiers":[null,null,null,null,null,null,null,null,null,null,null,null,null,null,null,null,null,null,null,null,null,null,null,null,null,null,null,null,null,null,null,null],"items_purchased":["Inflame","BlessingOfTheForge","Feed+1","Dark Embrace","Finesse","Dropkick+1","Dark Embrace","Havoc","Seeing Red"],"campfire_rested":1,"item_purchase_floors":[5,5,28,28,54,54,54,54,54],"current_hp_per_floor":[73,70,75,62,62,62,39,46,46,44,43,46,46,46,46,31,64,75,52,52,52,43,52,52,52,52,52,52,52,55,45,45,45,59,60,59,63,63,63,55,55,44,58,75,90,105,65,39,39,53,37,95,114,114,89,42],"gold":73,"neow_bonus":"REMOVE_CARD","is_prod":false,"is_daily":false,"rewards_skipped":[{"floor":33,"relics":[],"potions":["EssenceOfSteel"]},{"floor":36,"relics":[],"potions":["PowerPotion"]}],"chose_seed":false,"campfire_upgraded":5,"win_rate":0,"floor_exit_playtime":[94,133,235,320,354,363,515,617,628,687,747,813,833,868,958,1301,1387,1485,1521,1525,1529,1639,1785,1828,1874,1914,1994,2019,2054,2191,2674,2689,3031,3111,3305,3468,3659,3683,3692,4093,4103,4250,4256,4400,4562,4923,5106,5274,5285,5608,6433,6448,6468,6730,7244,7666],"timestamp":1705690838,"blue_key_relic_skipped_log":{"floor":39,"relicID":"Regal Pillow"},"path_taken":["M","M","M","M","?","R","E","M","T","E","M","E","R","?","R","BOSS","M","?","?","?","M","E","M","E","T","E","$","?","E","M","R","BOSS","M","M","?","?","?","E","R","E","T","M","?","M","E","M","R","BOSS","BOSS","R","$","E","BOSS"],"build_version":"2022-12-01","purchased_purges":1,"victory":true,"max_hp_per_floor":[75,75,75,75,75,75,75,75,75,75,75,75,75,75,75,75,75,75,52,52,52,52,52,52,52,52,52,52,52,56,60,60,64,64,68,72,76,76,76,80,80,80,94,98,102,106,110,110,110,110,114,114,114,114,118,118],"relic_stats":{"counters":[33,198],"PreservedInsect":409,"Orichalcum":[72],"MawBank":24,"Ancient Tea Set":[6],"Burning Blood":176,"White Beast Statue":[0.0,0.0,0.0,0.4,0.0,0.6000000000000001,0.0,0.0,0.0,0.0,0.0,10.520795955200006],"Mercury Hourglass":[460],"Mummified Hand":[128],"Pantograph":75,"Tiny Chest":2,"Kunai":[6],"obtain_stats":[{"Potion Belt":42,"Oddly Smooth Stone":7,"Mango":43,"PreservedInsect":25,"Orichalcum":30,"MawBank":26,"Empty Cage":34,"Ancient Tea Set":40,"Burning Blood":0,"White Beast Statue":10,"Mercury Hourglass":23,"Mummified Hand":21,"Pantograph":47,"Tiny Chest":9,"Molten Egg 2":27,"Mark of Pain":17,"Kunai":55,"Red Skull":12},{"Potion Belt":24,"Oddly Smooth Stone":5,"Mango":24,"PreservedInsect":15,"Orichalcum":17,"MawBank":15,"Empty Cage":19,"Ancient Tea Set":23,"Burning Blood":0,"White Beast Statue":7,"Mercury Hourglass":13,"Mummified Hand":11,"Pantograph":28,"Tiny Chest":6,"Molten Egg 2":16,"Mark of Pain":10,"Kunai":32,"Red Skull":9},{"Potion Belt":119,"Oddly Smooth Stone":23,"Mango":119,"PreservedInsect":65,"Orichalcum":72,"MawBank":65,"Empty Cage":86,"Ancient Tea Set":114,"Burning Blood":0,"White Beast Statue":30,"Mercury Hourglass":61,"Mummified Hand":53,"Pantograph":143,"Tiny Chest":27,"Molten Egg 2":67,"Mark of Pain":48,"Kunai":190,"Red Skull":34}]},"card_choices":[{"not_picked":["Warcry","Cleave"],"picked":"Whirlwind","floor":1.0},{"not_picked":["Spot Weakness","Rampage"],"picked":"Shrug It Off","floor":2.0},{"not_picked":["True Grit","Rage"],"picked":"Bloodletting","floor":3.0},{"not_picked":["Thunderclap","Body Slam"],"picked":"Armaments","floor":4.0},{"not_picked":["Body Slam","Whirlwind"],"picked":"Burning Pact","floor":7.0},{"not_picked":["Flex","Uppercut"],"picked":"Impervious","floor":8.0},{"not_picked":["Whirlwind","Thunderclap"],"picked":"Spot Weakness","floor":10.0},{"not_picked":["Wild Strike","Pummel","Iron Wave"],"picked":"SKIP","floor":11.0},{"not_picked":["Perfected Strike","Flame Barrier"],"picked":"Brutality","floor":12.0},{"not_picked":["Barricade","Berserk"],"picked":"Offering","floor":16.0},{"not_picked":["Body Slam","Thunderclap","Combust"],"picked":"SKIP","floor":18.0},{"not_picked":["Wild Strike","Clothesline"],"picked":"True Grit+1","floor":22.0},{"not_picked":["Ghostly Armor+1","Carnage","Wild Strike+1"],"picked":"SKIP","floor":23.0},{"not_picked":["Ghostly Armor+1","Perfected Strike"],"picked":"Shockwave+1","floor":24.0},{"not_picked":["Perfected Strike","Inflame"],"picked":"Evolve+1","floor":25.0},{"not_picked":["Iron Wave+1","Flex+1","Havoc"],"picked":"SKIP","floor":27.0},{"not_picked":["Ghostly Armor","Thunderclap+1","Cleave+1"],"picked":"SKIP","floor":30.0},{"not_picked":["Ghostly Armor","Thunderclap+1","Cleave+1"],"picked":"SKIP","floor":30.0},{"not_picked":["Combust+1","Rampage+1"],"picked":"Headbutt+1","floor":31.0},{"not_picked":["Corruption","Demon Form"],"picked":"Fiend Fire+1","floor":33.0},{"not_picked":["Ghostly Armor","Sword Boomerang+1","Twin Strike+1"],"picked":"SKIP","floor":35.0},{"not_picked":["Sword Boomerang+1","Anger+1","Warcry"],"picked":"SKIP","floor":36.0},{"not_picked":["Anger+1","Iron Wave+1"],"picked":"Clothesline+1","floor":37.0},{"not_picked":["Fiend Fire+1","True Grit","Clothesline+1"],"picked":"SKIP","floor":40.0},{"not_picked":["Clash+1","True Grit","Sword Boomerang+1"],"picked":"SKIP","floor":42.0},{"not_picked":["Perfected Strike+1","Headbutt+1","Warcry"],"picked":"SKIP","floor":44},{"not_picked":["Clothesline+1","Iron Wave+1"],"picked":"Rage+1","floor":45},{"not_picked":["Offering","Armaments"],"picked":"Flame Barrier","floor":46},{"not_picked":["True Grit+1","Reckless Charge+1","Inflame"],"picked":"SKIP","floor":47},{"not_picked":["Armaments","Clothesline+1"],"picked":"Battle Trance","floor":48},{"not_picked":["Reckless Charge+1","Havoc","Blood for Blood+1"],"picked":"SKIP","floor":55}],"player_experience":137108,"relics_obtained":[{"floor":7.0,"key":"Oddly Smooth Stone"},{"floor":9.0,"key":"Tiny Chest"},{"floor":10.0,"key":"White Beast Statue"},{"floor":12.0,"key":"Red Skull"},{"floor":21.0,"key":"Mummified Hand"},{"floor":23.0,"key":"Mercury Hourglass"},{"floor":25.0,"key":"PreservedInsect"},{"floor":26.0,"key":"MawBank"},{"floor":27.0,"key":"Molten Egg 2"},{"floor":30.0,"key":"Orichalcum"},{"floor":40.0,"key":"Ancient Tea Set"},{"floor":42.0,"key":"Potion Belt"},{"floor":43.0,"key":"Mango"},{"floor":47,"key":"Pantograph"},{"floor":55,"key":"Kunai"}],"event_choices":[{"cards_removed":["Defend_R"],"damage_healed":0.0,"max_hp_gain":0.0,"max_hp_loss":0.0,"gold_gain":0.0,"event_name":"The Cleric","player_choice":"Card Removal","floor":14.0,"gold_loss":75.0,"damage_taken":0.0},{"damage_healed":0.0,"max_hp_gain":0.0,"max_hp_loss":23.0,"gold_gain":0.0,"event_name":"Vampires","player_choice":"Became a vampire","floor":19.0,"gold_loss":0.0,"damage_taken":0.0,"cards_obtained":["Bite","Bite","Bite","Bite","Bite"]},{"damage_healed":0.0,"max_hp_gain":0.0,"max_hp_loss":0.0,"gold_gain":0.0,"event_name":"Ghosts","player_choice":"Ignored","floor":20.0,"gold_loss":0.0,"damage_taken":0.0},{"damage_healed":0.0,"max_hp_gain":0.0,"max_hp_loss":0.0,"gold_gain":0.0,"cards_transformed":["Defend_R","Bite"],"event_name":"Drug Dealer","player_choice":"Became Test Subject","floor":29.0,"gold_loss":0.0,"damage_taken":0.0,"cards_obtained":["Barricade","Apotheosis"]},{"cards_removed":["Defend_R"],"damage_healed":0.0,"max_hp_gain":0.0,"max_hp_loss":0.0,"gold_gain":0.0,"event_name":"Wheel of Change","player_choice":"Card Removal","floor":38.0,"gold_loss":0.0,"damage_taken":0.0}],"is_beta":false,"boss_relics":[{"not_picked":["Sozu","Calling Bell"],"picked":"Mark of Pain"},{"not_picked":["Busted Crown","Velvet Choker"],"picked":"Empty Cage"}],"items_purged_floors":[28],"is_endless":false,"potions_floor_spawned":[4,7,8,11,12,16,18,22,23,24,25,27,30,31,33,35,36,37,40,42,44,45,46,47,48,55],"ascension_level":20,"potion_discard_per_floor":[[],[],[],[],[],[],[],[],[],[],[],[],[],[],[],[],[],[],[],[],[],[],[],[],[],[],[],[],[],[],[],[],[],[],[],[],[],[],[],[],[],[],[],[],[],[],[],[],[],[],[],[],[],[],[],[],[]]}