{"neow_bonuses_skipped_log":["TRANSFORM_CARD","TEN_PERCENT_HP_BONUS","BOSS_RELIC"],"potions_obtained_entropic_brew":[[],[],[],[],[],[],[],[],[],[],[],[],["Fire Potion","Block Potion"],[],[],[],[],[],[],[],[],[],[],[],[],[],[],[],[],[],[],[],[],[],[],[],[],[],[],[],[],[],[],[],[],[],[],[],[],[],[],[],[],[],[],[],[]],"neow_costs_skipped_log":["NONE","NONE","NONE"],"gold_per_floor":[117,63,80,80,80,113,113,154,201,222,265,289,327,351,351,447,447,471,471,471,182,182,222,222,262,262,280,294,329,344,364,364,459,459,473,504,317,341,341,341,382,440,440,461,486,486,509,549,549,549,549,549,549,35,68,68],"floor_reached":57,"playtime":7875,"items_purged":["Strike_R","Defend_R"],"score":3175,"play_id":"c23591dc-cfaf-4e2d-844c-3b75eabf805d","local_time":"20240202215402","score_breakdown":["Floors Climbed (57): 285","Enemies Slain (15): 30","Exordium Elites Killed (4): 40","City Elites Killed (3): 60","Beyond Elites Killed (2): 60","Bosses Slain (5): 750","Money Money (1053): 25","Champion (5): 125","Perfect (1): 50","Overkill: 25","C-c-c-combo: 25","Ascension (20): 1450","Heartbreaker: 250"],"is_ascension_mode":true,"potions_obtained_alchemize":[[],[],[],[],[],[],[],[],[],[],[],[],[],[],[],[],[],[],[],[],[],[],[],[],[],[],[],[],[],[],[],[],[],[],[],[],[],[],[],[],[],[],[],[],[],[],[],[],[],[],[],[],[],[],[],[],[]],"campfire_choices":[{"floor":7.0,"key":"REST"},{"data":"True Grit","floor":15.0,"key":"SMITH"},{"data":"Dark Embrace","floor":24.0,"key":"SMITH"},{"data":"Blood for Blood","floor":32.0,"key":"SMITH"},{"data":"Shockwave","floor":40.0,"key":"SMITH"},{"floor":46.0,"key":"RECALL"},{"data":"Bloodletting","floor":49.0,"key":"SMITH"},{"data":"Feel No Pain","floor":53,"key":"SMITH"}],"lesson_learned_per_floor":[[],[],[],[],[],[],[],[],[],[],[],[],[],[],[],[],[],[],[],[],[],[],[],[],[],[],[],[],[],[],[],[],[],[],[],[],[],[],[],[],[],[],[],[],[],[],[],[],[],[],[],[],[],[],[],[],[]],"neow_cost":"TEN_PERCENT_HP_LOSS","improvable_cards":{},"seed_source_timestamp":0,"shop_contents":[{"floor":2,"relics":["Self Forming Clay","Oddly Smooth Stone","Cauldron"],"cards":["Iron Wave","Clash","Bloodletting","Infernal Blade","Fire Breathing","Dramatic Entrance","Chrysalis"],"potions":["Block Potion","ColorlessPotion"]},{"floor":21,"relics":["FossilizedHelix","Meat on the Bone","PrismaticShard"],"cards":["Heavy Blade","Dropkick","Burning Pact","Shrug It Off","Enlightenment","Secret Technique"],"potions":["FairyPotion"]},{"floor":37,"relics":["Bottled Flame","Mercury Hourglass","Chemical X"],"cards":["Blood for Blood","Whirlwind","Intimidate","Fire Breathing+1","Forethought","Panache+1"],"potions":["CultistPotion","Explosive Potion","HeartOfIron"]},{"floor":54,"relics":["HandDrill"],"cards":["Hemokinesis","Cleave","Armaments","Flex","Metallicize+1","Discovery","Master of Strategy"],"potions":["Fire Potion","GamblersBrew"]}],"circlet_count":0,"master_deck":["AscendersBane","Defend_R","Bash","Shrug It Off","Immolate+1","Blood for Blood+1","Carnage","Brutality","True Grit+1","Feel No Pain+1","Offering","True Grit+1","Body Slam+1","Immolate+1","Dark Embrace+1","Exhume","Bloodletting+1","Thunderclap+1","Shockwave+1","Intimidate+1","Demon Form+1","Dropkick","Flame Barrier","Dark Embrace+1","Shrug It Off","Berserk+1","Second Wind","Clothesline+1"],"special_seed":0,"potion_use_per_floor":[[],[],[],[],[],["AttackPotion"],[],[],[],[],[],["Dexterity Potion"],["HeartOfIron","EntropicBrew","Block Potion"],[],[],["ElixirPotion"],[],["Fire Potion"],[],[],[],[],["DuplicationPotion"],[],["Swift Potion"],[],[],[],[],[],[],[],["Regen Potion"],[],[],[],[],["Energy Potion"],[],[],[],["SpeedPotion","Ancient Potion"],[],[],[],[],[],["Energy Potion"],[],["Block Potion"],[],[],[],[],[],["Fruit Juice","Strength Potion","GamblersBrew","ElixirPotion"],[]],"relics":["Burning Blood","Incense Burner","Sundial","Pocketwatch","Pen Nib","Letter Opener","StrikeDummy","Golden Idol","Strawberry","Toy Ornithopter","Potion Belt","Astrolabe","Frozen Egg 2","Singing Bowl","Runic Pyramid","Torii","Pantograph","Bag of Preparation","Bottled Lightning","Paper Frog"],"potions_floor_usage":[56,56,56,56],"damage_taken":[{"damage":9.0,"enemies":"Jaw Worm","floor":1.0,"turns":4.0},{"damage":4.0,"enemies":"Small Slimes","floor":3.0,"turns":3.0},{"damage":21.0,"enemies":"Gremlin Nob","floor":6.0,"turns":4.0},{"damage":27.0,"enemies":"Lagavulin","floor":8.0,"turns":7.0},{"damage":10.0,"enemies":"2 Louse","floor":10.0,"turns":3.0},{"damage":6.0,"enemies":"3 Sentries","floor":11.0,"turns":6.0},{"damage":18.0,"enemies":"2 Fungi Beasts","floor":12.0,"turns":6.0},{"damage":6.0,"enemies":"Lagavulin","floor":13.0,"turns":5.0},{"damage":10.0,"enemies":"Blue Slaver","floor":14.0,"turns":7.0},{"damage":16.0,"enemies":"The Guardian","floor":16.0,"turns":18.0},{"damage":2.0,"enemies":"2 Thieves","floor":18.0,"turns":4.0},{"damage":0.0,"enemies":"Slavers","floor":23.0,"turns":1.0},{"damage":7.0,"enemies":"Gremlin Leader","floor":25.0,"turns":4.0},{"damage":22.0,"enemies":"Shell Parasite","floor":27.0,"turns":3.0},{"damage":6.0,"enemies":"Centurion and Healer","floor":28.0,"turns":5.0},{"damage":6.0,"enemies":"Slavers","floor":29.0,"turns":2.0},{"damage":14.0,"enemies":"Sentry and Sphere","floor":30.0,"turns":4.0},{"damage":12.0,"enemies":"Snake Plant","floor":31.0,"turns":3.0},{"damage":29.0,"enemies":"Automaton","floor":33.0,"turns":10.0},{"damage":22.0,"enemies":"Orb Walker","floor":35.0,"turns":6.0},{"damage":7.0,"enemies":"Mind Bloom Boss Battle","floor":36.0,"turns":7.0},{"damage":13.0,"enemies":"3 Darklings","floor":38.0,"turns":5.0},{"damage":20.0,"enemies":"Giant Head","floor":41.0,"turns":5.0},{"damage":10.0,"enemies":"2 Orb Walkers","floor":42.0,"turns":2.0},{"damage":1.0,"enemies":"4 Shapes","floor":44.0,"turns":5.0},{"damage":13.0,"enemies":"Maw","floor":45.0,"turns":5.0},{"damage":7.0,"enemies":"Transient","floor":47.0,"turns":6.0},{"damage":14.0,"enemies":"Nemesis","floor":48.0,"turns":7.0},{"damage":11.0,"enemies":"Donu and Deca","floor":50.0,"turns":7.0},{"damage":41,"enemies":"Awakened One","floor":51,"turns":11},{"damage":15,"enemies":"Shield and Spear","floor":55,"turns":6},{"damage":38,"enemies":"The Heart","floor":56,"turns":6}],"green_key_taken_log":13,"seed_played":"-5003693331177335157","neow_bonus_log":{"cardsObtained":[],"cardsUpgraded":[],"cardsRemoved":["Defend_R","Strike_R"],"cardsTransformed":[],"relicsObtained":[],"maxHpGained":0,"goldGained":0,"damageTaken":0,"goldLost":0,"maxHpLost":7},"potions_obtained":[{"floor":8.0,"key":"Dexterity Potion"},{"floor":11.0,"key":"HeartOfIron"},{"floor":12.0,"key":"EntropicBrew"},{"floor":14.0,"key":"ElixirPotion"},{"floor":27.0,"key":"Strength Potion"},{"floor":28.0,"key":"Regen Potion"},{"floor":29.0,"key":"Energy Potion"},{"floor":31.0,"key":"SpeedPotion"},{"floor":36.0,"key":"Energy Potion"},{"floor":38.0,"key":"AttackPotion"},{"floor":41.0,"key":"Ancient Potion"},{"floor":47.0,"key":"ElixirPotion"},{"floor":48.0,"key":"Block Potion"},{"floor":55,"key":"Fruit Juice"}],"is_trial":false,"path_per_floor":["M","$","M","?","?","E","R","E","T","M","E","M","E","M","R","B",null,"M","?","?","$","?","E","R","E","T","M","M","E","M","M","R","B",null,"M","?","$","M","?","R","E","?","T","M","M","R","M","E","R","B","B",null,"R","$","E","B",null],"character_chosen":"IRONCLAD","basemod:card_modifiers":[null,null,null,null,null,null,null,null,null,null,null,null,null,null,null,null,null,null,null,null,null,null,null,null,null,null,null,null],"items_purchased":["AttackPotion","DuplicationPotion","Dark Embrace","Swift Potion","Flame Barrier","Bag of Preparation","Bottled Lightning","GamblersBrew"],"campfire_rested":1,"item_purchase_floors":[2,21,21,21,37,54,54,54],"current_hp_per_floor":[65,65,67,67,44,29,49,35,35,31,31,24,39,35,35,30,64,73,73,73,73,73,75,75,75,75,59,59,61,55,49,49,46,71,55,56,56,56,56,56,44,52,52,57,50,50,51,48,48,73,54,80,80,80,71,82],"gold":68,"neow_bonus":"REMOVE_TWO","is_prod":false,"is_daily":false,"rewards_skipped":[],"chose_seed":false,"campfire_upgraded":6,"win_rate":0,"floor_exit_playtime":[82,127,164,173,184,265,271,503,510,584,665,756,846,926,932,1291,1551,1648,1653,1672,1792,1801,1836,1852,2012,2017,2136,2285,2343,2525,2633,2661,3027,3144,3361,3635,3708,3929,3951,3958,4309,4465,4480,4725,4935,4941,5300,5621,5651,6178,6722,6735,6753,6843,7281,7875],"timestamp":1706928842,"blue_key_relic_skipped_log":{"floor":43,"relicID":"Darkstone Periapt"},"path_taken":["M","$","M","?","?","E","R","E","T","M","E","M","E","M","R","BOSS","M","?","?","$","?","E","R","E","T","?","M","E","M","M","R","BOSS","M","?","$","M","?","R","E","?","T","M","M","R","M","E","R","BOSS","BOSS","R","$","E","BOSS"],"build_version":"2022-12-01","purchased_purges":2,"victory":true,"max_hp_per_floor":[68,68,68,68,68,68,68,75,75,75,75,75,75,75,75,75,75,75,75,75,75,75,75,75,75,75,75,75,77,79,79,79,79,79,79,81,81,83,83,83,85,87,87,87,87,87,89,89,89,89,89,89,89,89,89,94],"relic_stats":{"Singing Bowl":14,"Torii":6,"counters":[32,177],"Golden Idol":246,"Astrolabe":["True Grit","Body Slam","Immolate"],"Pen Nib":[24],"Bag of Preparation":[4],"Letter Opener":[358],"Burning Blood":186,"Sundial":[110],"Pantograph":59,"Bottled Lightning":"Offering","obtain_stats":[{"Potion Belt":13,"Singing Bowl":29,"Torii":36,"Golden Idol":5,"Astrolabe":17,"Pen Nib":23,"Incense Burner":6,"Bag of Preparation":54,"Letter Opener":11,"Frozen Egg 2":26,"Burning Blood":0,"Sundial":25,"Strawberry":8,"Pantograph":48,"Bottled Lightning":54,"StrikeDummy":41,"Toy Ornithopter":9,"Runic Pyramid":34,"Pocketwatch":42,"Paper Frog":55},{"Potion Belt":8,"Singing Bowl":16,"Torii":21,"Golden Idol":2,"Astrolabe":10,"Pen Nib":12,"Incense Burner":3,"Bag of Preparation":30,"Letter Opener":6,"Frozen Egg 2":13,"Burning Blood":0,"Sundial":13,"Strawberry":4,"Pantograph":28,"Bottled Lightning":30,"StrikeDummy":23,"Toy Ornithopter":4,"Runic Pyramid":19,"Pocketwatch":24,"Paper Frog":31},{"Potion Belt":38,"Singing Bowl":82,"Torii":112,"Golden Idol":7,"Astrolabe":63,"Pen Nib":68,"Incense Burner":11,"Bag of Preparation":165,"Letter Opener":27,"Frozen Egg 2":72,"Burning Blood":0,"Sundial":72,"Strawberry":18,"Pantograph":147,"Bottled Lightning":165,"StrikeDummy":122,"Toy Ornithopter":18,"Runic Pyramid":99,"Pocketwatch":124,"Paper Frog":171}],"Toy Ornithopter":83,"Pocketwatch":[10]},"card_choices":[{"not_picked":["Blood for Blood","Anger"],"picked":"Shrug It Off","floor":1.0},{"not_picked":["Warcry","Burning Pact"],"picked":"Immolate","floor":3.0},{"not_picked":["Havoc","Perfected Strike","Cleave"],"picked":"SKIP","floor":6.0},{"not_picked":["Havoc","Perfected Strike","Cleave"],"picked":"SKIP","floor":6.0},{"not_picked":["Limit Break","Shrug It Off"],"picked":"Blood for Blood","floor":8.0},{"not_picked":["Burning Pact","Intimidate"],"picked":"Carnage","floor":10.0},{"not_picked":["Power Through","Wild Strike"],"picked":"Brutality","floor":11.0},{"not_picked":["Anger","Flex","Clash"],"picked":"SKIP","floor":12.0},{"not_picked":["Dual Wield","Pommel Strike"],"picked":"True Grit","floor":13.0},{"not_picked":["Perfected Strike","Dual Wield"],"picked":"Feel No Pain","floor":14.0},{"not_picked":["Demon Form","Exhume"],"picked":"Offering","floor":16.0},{"not_picked":["Body Slam","Anger","Heavy Blade"],"picked":"SKIP","floor":18.0},{"not_picked":["Perfected Strike+1","Headbutt"],"picked":"Exhume","floor":23.0},{"not_picked":["Feel No Pain","Fire Breathing"],"picked":"Bloodletting","floor":25.0},{"not_picked":["Clash","Headbutt"],"picked":"Thunderclap+1","floor":27.0},{"not_picked":["Headbutt","Pommel Strike"],"picked":"Shockwave","floor":28.0},{"not_picked":["Fire Breathing+1","Armaments","Limit Break"],"picked":"Singing Bowl","floor":29.0},{"not_picked":["Body Slam+1","Twin Strike","True Grit"],"picked":"Singing Bowl","floor":30.0},{"not_picked":["Sword Boomerang","Clothesline"],"picked":"Intimidate+1","floor":31.0},{"not_picked":["Exhume","Brutality+1"],"picked":"Demon Form+1","floor":33.0},{"not_picked":["Warcry","Pommel Strike"],"picked":"Dropkick","floor":35.0},{"not_picked":["Metallicize+1","Rupture+1","Perfected Strike"],"picked":"Singing Bowl","floor":36.0},{"not_picked":["Flame Barrier","Carnage","Clothesline"],"picked":"Singing Bowl","floor":38.0},{"not_picked":["Evolve+1","Feed","Body Slam+1"],"picked":"Singing Bowl","floor":41.0},{"not_picked":["Thunderclap","Dropkick","Sword Boomerang+1"],"picked":"Singing Bowl","floor":42.0},{"not_picked":["Iron Wave","Sword Boomerang+1"],"picked":"Shrug It Off","floor":44.0},{"not_picked":["Sword Boomerang","Warcry"],"picked":"Berserk+1","floor":45.0},{"not_picked":["True Grit","Reckless Charge","Headbutt"],"picked":"Singing Bowl","floor":47.0},{"not_picked":["Flex","Headbutt"],"picked":"Second Wind","floor":48.0},{"not_picked":["Body Slam","Cleave"],"picked":"Clothesline+1","floor":55}],"player_experience":169559,"relics_obtained":[{"floor":6.0,"key":"Incense Burner"},{"floor":8.0,"key":"Strawberry"},{"floor":9.0,"key":"Toy Ornithopter"},{"floor":11.0,"key":"Letter Opener"},{"floor":13.0,"key":"Potion Belt"},{"floor":23.0,"key":"Pen Nib"},{"floor":25.0,"key":"Sundial"},{"floor":26.0,"key":"Frozen Egg 2"},{"floor":29.0,"key":"Singing Bowl"},{"floor":36.0,"key":"Torii"},{"floor":41.0,"key":"StrikeDummy"},{"floor":42.0,"key":"Pocketwatch"},{"floor":48.0,"key":"Pantograph"},{"floor":55,"key":"Paper Frog"}],"event_choices":[{"damage_healed":0.0,"max_hp_gain":0.0,"max_hp_loss":0.0,"gold_gain":0.0,"event_name":"Accursed Blacksmith","player_choice":"Forge","floor":4.0,"gold_loss":0.0,"damage_taken":0.0,"cards_upgraded":["Immolate"]},{"damage_healed":0.0,"max_hp_gain":0.0,"max_hp_loss":0.0,"gold_gain":0.0,"event_name":"Golden Idol","player_choice":"Take Damage","floor":5.0,"gold_loss":0.0,"damage_taken":23.0,"relics_obtained":["Golden Idol"]},{"damage_healed":0.0,"max_hp_gain":0.0,"max_hp_loss":0.0,"gold_gain":0.0,"event_name":"The Mausoleum","player_choice":"Ignored","floor":19.0,"gold_loss":0.0,"damage_taken":0.0},{"cards_removed":["Strike_R"],"damage_healed":0.0,"max_hp_gain":0.0,"max_hp_loss":0.0,"gold_gain":0.0,"event_name":"Back to Basics","player_choice":"Elegance","floor":20.0,"gold_loss":0.0,"damage_taken":0.0},{"damage_healed":0.0,"max_hp_gain":0.0,"max_hp_loss":0.0,"gold_gain":0.0,"event_name":"Ghosts","player_choice":"Ignored","floor":22.0,"gold_loss":0.0,"damage_taken":0.0},{"damage_healed":0.0,"max_hp_gain":0.0,"max_hp_loss":0.0,"gold_gain":0.0,"event_name":"MindBloom","player_choice":"Fight","floor":36.0,"gold_loss":0.0,"damage_taken":0.0},{"damage_healed":0.0,"max_hp_gain":0.0,"max_hp_loss":0.0,"gold_gain":0.0,"event_name":"Match and Keep!","player_choice":"1 cards matched","floor":39.0,"gold_loss":0.0,"damage_taken":0.0,"cards_obtained":["Dark Embrace"]},{"damage_healed":0.0,"max_hp_gain":0.0,"max_hp_loss":0.0,"gold_gain":0.0,"event_name":"Mysterious Sphere","player_choice":"Fight","floor":42.0,"gold_loss":0.0,"damage_taken":0.0}],"is_beta":false,"boss_relics":[{"not_picked":["Velvet Choker","Tiny House"],"picked":"Astrolabe"},{"not_picked":["Mark of Pain","Busted Crown"],"picked":"Runic Pyramid"}],"items_purged_floors":[21,37],"is_endless":false,"potions_floor_spawned":[8,11,12,14,27,28,29,31,36,38,41,47,48,55],"ascension_level":20,"potion_discard_per_floor":[[],[],[],[],[],[],[],[],[],[],[],[],[],[],[],[],[],[],[],[],[],[],[],[],[],[],[],[],[],[],[],[],[],[],[],[],[],[],[],[],["AttackPotion"],[],[],[],[],[],[],[],[],[],[],[],[],[],[],[],[]]}