{"neow_bonuses_skipped_log":["THREE_SMALL_POTIONS","REMOVE_TWO","BOSS_RELIC"],"neow_costs_skipped_log":["NONE","NO_GOLD","NONE"],"potions_obtained_entropic_brew":[[],[],[],[],[],[],[],[],[],[],[],[],[],[],[],[],[],[],[],[],[],[],[],[],[],[],[],[],[],[],[],[],[]],"gold_per_floor":[110,125,145,295,9,61,61,113,113,113,63,116,150,161,161,308,308,319,319,319,124,169,246,284,284,284,284,284,296,346,363,363,363],"floor_reached":33,"playtime":2745,"items_purged":["Doubt","Strike_R"],"score":570,"play_id":"f61b40ec-40a4-4531-9eea-0bbf8415ddaa","local_time":"20240202003207","score_breakdown":["Floors Climbed (33): 165","Enemies Slain (10): 20","Exordium Elites Killed (3): 30","City Elites Killed (1): 20","Bosses Slain (1): 50","Ascension (20): 285"],"is_ascension_mode":true,"potions_obtained_alchemize":[[],[],[],[],[],[],[],[],[],[],[],[],[],[],[],[],[],[],[],[],[],[],[],[],[],[],[],[],[],[],[],[],[]],"campfire_choices":[{"data":"Cleave","floor":7,"key":"SMITH"},{"floor":10,"key":"REST"},{"data":"HandOfGreed","floor":15,"key":"SMITH"},{"data":"1","floor":25,"key":"LIFT"},{"data":"2","floor":27,"key":"LIFT"},{"data":"Juggernaut","floor":32,"key":"SMITH"}],"lesson_learned_per_floor":[[],[],[],[],[],[],[],[],[],[],[],[],[],[],[],[],[],[],[],[],[],[],[],[],[],[],[],[],[],[],[],[],[]],"neow_cost":"NONE","improvable_cards":{},"seed_source_timestamp":169987984575583,"shop_contents":[{"floor":5,"relics":["Pocketwatch","Frozen Egg 2","Lee\u0027s Waffle"],"cards":["Blood for Blood","Perfected Strike","Armaments","True Grit","Inflame","Jack Of All Trades"],"potions":["SmokeBomb","ColorlessPotion","LiquidMemories"]},{"floor":21,"relics":["Art of War","Turnip","PrismaticShard"],"cards":["Searing Blow","Carnage","Intimidate","Metallicize","Forethought","Thinking Ahead"],"potions":["Strength Potion","EssenceOfSteel"]}],"circlet_count":0,"master_deck":["AscendersBane","Strike_R","Strike_R","Strike_R","Strike_R","Defend_R","Defend_R","Defend_R","Defend_R","Bash","Juggernaut+1","Headbutt","Cleave+1","Power Through","HandOfGreed+1","Metallicize","Evolve","Pommel Strike","Anger","Feed","CurseOfTheBell","Fiend Fire","Flame Barrier","Ghostly Armor","Feel No Pain","Shrug It Off","Exhume"],"potion_use_per_floor":[[],[],[],[],[],["ColorlessPotion","Ancient Potion"],[],[],[],[],[],[],[],[],[],["Fire Potion"],[],["AttackPotion"],[],[],[],["EssenceOfSteel"],["EssenceOfSteel"],[],[],[],[],[],["ElixirPotion"],[],["EssenceOfSteel","SteroidPotion"],[],[]],"relics":["Burning Blood","Anchor","Question Card","Calling Bell","Toy Ornithopter","Mercury Hourglass","Lizard Tail","Girya","Magic Flower","Nloth\u0027s Gift"],"potions_floor_usage":[6,6,16,18,22,23,29,31,31],"damage_taken":[{"damage":2,"enemies":"Cultist","floor":1,"turns":4},{"damage":19,"enemies":"Jaw Worm","floor":2,"turns":4},{"damage":10,"enemies":"Small Slimes","floor":3,"turns":3},{"damage":35,"enemies":"Lagavulin","floor":6,"turns":8},{"damage":14,"enemies":"3 Sentries","floor":8,"turns":8},{"damage":21,"enemies":"Gremlin Nob","floor":12,"turns":4},{"damage":1,"enemies":"Looter","floor":13,"turns":2},{"damage":5,"enemies":"Blue Slaver","floor":14,"turns":4},{"damage":19,"enemies":"Slime Boss","floor":16,"turns":14},{"damage":13,"enemies":"3 Byrds","floor":18,"turns":4},{"damage":29,"enemies":"Shell Parasite","floor":22,"turns":7},{"damage":43,"enemies":"Slavers","floor":23,"turns":7},{"damage":8,"enemies":"Centurion and Healer","floor":24,"turns":5},{"damage":15,"enemies":"Shelled Parasite and Fungi","floor":29,"turns":7},{"damage":27,"enemies":"3 Cultists","floor":31,"turns":6},{"damage":66,"enemies":"Champ","floor":33,"turns":14}],"seed_played":"-1073040375492039456","neow_bonus_log":{"cardsObtained":["Juggernaut"],"cardsUpgraded":[],"cardsRemoved":[],"cardsTransformed":[],"relicsObtained":[],"maxHpGained":0,"goldGained":0,"damageTaken":0,"goldLost":0,"maxHpLost":0},"potions_obtained":[{"floor":2,"key":"ColorlessPotion"},{"floor":3,"key":"Ancient Potion"},{"floor":8,"key":"Fire Potion"},{"floor":13,"key":"EssenceOfSteel"},{"floor":16,"key":"AttackPotion"},{"floor":22,"key":"EssenceOfSteel"},{"floor":23,"key":"ElixirPotion"},{"floor":29,"key":"EssenceOfSteel"}],"is_trial":false,"path_per_floor":["M","M","M","?","$","E","R","E","T","R","?","E","M","M","R","B",null,"M","?","?","$","M","E","M","R","T","R","?","M","?","M","R","B"],"character_chosen":"IRONCLAD","basemod:card_modifiers":[null,null,null,null,null,null,null,null,null,null,null,null,null,null,null,null,null,null,null,null,null,null,null,null,null,null,null],"items_purchased":["HandOfGreed","Flame Barrier","SteroidPotion"],"campfire_rested":1,"item_purchase_floors":[5,21,21],"current_hp_per_floor":[72,59,55,55,55,26,26,18,18,40,40,25,30,31,31,18,61,59,59,38,38,20,33,34,34,34,34,34,41,41,44,44,0],"gold":363,"neow_bonus":"ONE_RANDOM_RARE_CARD","is_prod":false,"is_daily":false,"rewards_skipped":[],"chose_seed":false,"campfire_upgraded":3,"win_rate":1,"floor_exit_playtime":[162,237,288,295,350,502,541,651,666,671,679,742,775,897,916,1219,1387,1537,1560,1569,1624,1746,1963,2050,2080,2084,2098,2115,2285,2299,2423,2495],"timestamp":1706851927,"blue_key_relic_skipped_log":{"floor":9,"relicID":"Juzu Bracelet"},"path_taken":["M","M","M","?","$","E","R","E","T","R","?","E","?","M","R","BOSS","M","?","?","$","M","E","?","R","T","R","?","M","?","M","R","BOSS"],"build_version":"2022-12-01","purchased_purges":2,"victory":false,"max_hp_per_floor":[75,75,75,75,75,75,75,75,75,75,75,75,75,75,75,75,75,75,75,80,80,80,80,83,83,83,83,83,86,86,89,89,89],"relic_stats":{"Girya":2,"Lizard Tail":40,"counters":[16,100],"Magic Flower":[19],"Nloth\u0027s Gift":0,"Question Card":10,"obtain_stats":[{"Calling Bell":17,"Girya":23,"Anchor":6,"Lizard Tail":17,"Ornamental Fan":8,"Magic Flower":26,"Nloth\u0027s Gift":28,"Question Card":12,"Burning Blood":0,"Toy Ornithopter":17,"Mercury Hourglass":17},{"Calling Bell":9,"Girya":12,"Anchor":4,"Lizard Tail":9,"Ornamental Fan":5,"Magic Flower":13,"Nloth\u0027s Gift":13,"Question Card":6,"Burning Blood":0,"Toy Ornithopter":9,"Mercury Hourglass":9},{"Calling Bell":51,"Girya":68,"Anchor":19,"Lizard Tail":51,"Ornamental Fan":27,"Magic Flower":73,"Nloth\u0027s Gift":73,"Question Card":31,"Burning Blood":0,"Toy Ornithopter":51,"Mercury Hourglass":51}],"Burning Blood":96,"Toy Ornithopter":39,"Mercury Hourglass":[149]},"card_choices":[{"not_picked":["Clash","Thunderclap"],"picked":"Headbutt","floor":1},{"not_picked":["Sentinel","Reckless Charge"],"picked":"Cleave","floor":2},{"not_picked":["Body Slam","Bludgeon"],"picked":"Power Through","floor":3},{"not_picked":["Sword Boomerang","Thunderclap"],"picked":"Metallicize","floor":6},{"not_picked":["Wild Strike","Clothesline","Bludgeon"],"picked":"SKIP","floor":8},{"not_picked":["Uppercut","Disarm"],"picked":"Evolve","floor":12},{"not_picked":["Pummel","Perfected Strike","Rage"],"picked":"Pommel Strike","floor":13},{"not_picked":["Anger","Clash","Hemokinesis","Iron Wave"],"picked":"SKIP","floor":14},{"not_picked":["Clash","Hemokinesis","Iron Wave"],"picked":"Anger","floor":14},{"not_picked":["Brutality","Offering","Double Tap"],"picked":"Feed","floor":16},{"not_picked":["Combust","Warcry","Flex","Pommel Strike"],"picked":"SKIP","floor":18},{"not_picked":["Thunderclap","Rampage","Havoc"],"picked":"Ghostly Armor","floor":22},{"not_picked":["Hemokinesis","Flex","Iron Wave","Pommel Strike"],"picked":"SKIP","floor":23},{"not_picked":["Whirlwind","Heavy Blade+1","True Grit"],"picked":"Feel No Pain","floor":24},{"not_picked":["Entrench","Blood for Blood","Dropkick"],"picked":"Shrug It Off","floor":29},{"not_picked":["Flame Barrier","Body Slam","Heavy Blade"],"picked":"Exhume","floor":31}],"player_experience":163492,"relics_obtained":[{"floor":6,"key":"Anchor"},{"floor":8,"key":"Ornamental Fan"},{"floor":12,"key":"Question Card"},{"floor":17,"key":"Toy Ornithopter"},{"floor":17,"key":"Mercury Hourglass"},{"floor":17,"key":"Lizard Tail"},{"floor":23,"key":"Girya"},{"floor":26,"key":"Magic Flower"}],"event_choices":[{"damage_healed":0,"gold_gain":150,"player_choice":"AGREE","damage_taken":0,"max_hp_gain":0,"max_hp_loss":0,"event_name":"Liars Game","floor":4,"gold_loss":0,"cards_obtained":["Doubt"]},{"damage_healed":0,"gold_gain":0,"player_choice":"Left Gold","damage_taken":0,"max_hp_gain":0,"max_hp_loss":0,"event_name":"World of Goop","floor":11,"gold_loss":50},{"damage_healed":0,"gold_gain":0,"player_choice":"1 cards matched","damage_taken":0,"max_hp_gain":0,"max_hp_loss":0,"event_name":"Match and Keep!","floor":19,"gold_loss":0,"cards_obtained":["Fiend Fire"]},{"damage_healed":0,"gold_gain":0,"player_choice":"Shed Blood","damage_taken":26,"max_hp_gain":5,"max_hp_loss":0,"event_name":"Forgotten Altar","floor":20,"gold_loss":0},{"damage_healed":0,"gold_gain":0,"player_choice":"Traded Relic","damage_taken":0,"relics_obtained":["Nloth\u0027s Gift"],"max_hp_gain":0,"max_hp_loss":0,"event_name":"N\u0027loth","floor":28,"relics_lost":["Ornamental Fan"],"gold_loss":0},{"damage_healed":0,"gold_gain":50,"player_choice":"Stole From Cult","damage_taken":0,"max_hp_gain":0,"max_hp_loss":0,"event_name":"Nest","floor":30,"gold_loss":0}],"is_beta":false,"boss_relics":[{"not_picked":["Sozu","Tiny House"],"picked":"Calling Bell"}],"items_purged_floors":[5,21],"is_endless":false,"potions_floor_spawned":[2,3,8,13,16,22,23,29],"killed_by":"Champ","ascension_level":20,"potion_discard_per_floor":[[],[],[],[],[],[],[],[],[],[],[],[],[],[],[],[],[],[],[],[],[],[],[],[],[],[],[],[],[],[],[],[],[]]}