{"neow_bonuses_skipped_log":["THREE_SMALL_POTIONS","RANDOM_COLORLESS_2","BOSS_RELIC"],"potions_obtained_entropic_brew":[[],[],[],[],[],[],[],[],[],[],[],[],[],[],[],[],[],[],[],[],[],[],[],[],[],[],[]],"neow_costs_skipped_log":["NONE","CURSE","NONE"],"gold_per_floor":[111,124,139,1,21,21,49,67,67,32,64,64,91,111,111,185,185,201,201,32,52,71,111,36,36,36,36],"floor_reached":27,"playtime":2852,"items_purged":["Strike_R"],"score":506,"play_id":"32ff08f9-fe62-4e63-a4a7-73ee06b8b61a","local_time":"20240202132839","score_breakdown":["Floors Climbed (27): 135","Enemies Slain (9): 18","Exordium Elites Killed (3): 30","City Elites Killed (1): 20","Bosses Slain (1): 50","Ascension (20): 253"],"is_ascension_mode":true,"potions_obtained_alchemize":[[],[],[],[],[],[],[],[],[],[],[],[],[],[],[],[],[],[],[],[],[],[],[],[],[],[],[]],"campfire_choices":[{"data":"Armaments","floor":6.0,"key":"SMITH"},{"data":"Immolate","floor":15,"key":"SMITH"},{"data":"Corruption","floor":25,"key":"SMITH"}],"lesson_learned_per_floor":[[],[],[],[],[],[],[],[],[],[],[],[],[],[],[],[],[],[],[],[],[],[],[],[],[],[],[]],"neow_cost":"NONE","improvable_cards":{},"seed_source_timestamp":0,"shop_contents":[{"floor":4,"relics":["Self Forming Clay","FossilizedHelix","Medical Kit"],"cards":["Uppercut","Armaments","Feel No Pain","Bandage Up","Metamorphosis"],"potions":["FearPotion","ColorlessPotion"]},{"floor":20,"relics":["Bag of Marbles","Magic Flower"],"cards":["Bludgeon","Thunderclap","Flex","True Grit","Barricade","Trip","Master of Strategy"],"potions":["BlessingOfTheForge","BloodPotion","Swift Potion"]},{"floor":24,"relics":["Girya","Shuriken","Strange Spoon"],"cards":["Uppercut","Anger","Armaments","Double Tap","Metallicize","Jack Of All Trades","Transmutation"],"potions":["Fruit Juice","EssenceOfSteel","SpeedPotion"]}],"circlet_count":0,"master_deck":["AscendersBane","Strike_R","Strike_R","Strike_R","Defend_R","Defend_R","Defend_R","Defend_R","Bash","Demon Form","Battle Trance+1","Anger","Armaments+1","True Grit","Pommel Strike","Shrug It Off","Reaper","Cleave","Immolate+1","Corruption+1","Thunderclap","Feel No Pain","Intimidate"],"special_seed":0,"potion_use_per_floor":[[],[],[],[],["Weak Potion"],[],["ColorlessPotion"],[],[],[],["DuplicationPotion"],[],[],[],[],[],[],["AttackPotion"],[],[],[],["SpeedPotion"],["AttackPotion"],[],[],[],["PowerPotion"]],"relics":["Burning Blood","Sundial","Paper Frog","Tiny Chest","Blue Candle","SlaversCollar","Sling","CeramicFish","White Beast Statue"],"potions_floor_usage":[18,22,23,27],"damage_taken":[{"damage":16.0,"enemies":"Jaw Worm","floor":1.0,"turns":5.0},{"damage":7.0,"enemies":"Small Slimes","floor":2.0,"turns":6.0},{"damage":8.0,"enemies":"2 Louse","floor":3.0,"turns":3.0},{"damage":3.0,"enemies":"Red Slaver","floor":5.0,"turns":4.0},{"damage":15.0,"enemies":"3 Sentries","floor":7.0,"turns":9.0},{"damage":11.0,"enemies":"3 Louse","floor":8.0,"turns":5.0},{"damage":8.0,"enemies":"Gremlin Nob","floor":11.0,"turns":3.0},{"damage":37,"enemies":"3 Sentries","floor":13,"turns":14},{"damage":0,"enemies":"Exordium Thugs","floor":14,"turns":4},{"damage":44,"enemies":"The Guardian","floor":16,"turns":14},{"damage":11,"enemies":"2 Thieves","floor":18,"turns":3},{"damage":18,"enemies":"3 Byrds","floor":21,"turns":3},{"damage":18,"enemies":"Cultist and Chosen","floor":22,"turns":4},{"damage":22,"enemies":"Slavers","floor":23,"turns":4},{"damage":44,"enemies":"Gremlin Leader","floor":27,"turns":6}],"seed_played":"-2682718014847136920","neow_bonus_log":{"cardsObtained":["Demon Form"],"cardsUpgraded":[],"cardsRemoved":[],"cardsTransformed":["Strike_R"],"relicsObtained":[],"maxHpGained":0,"goldGained":0,"damageTaken":0,"goldLost":0,"maxHpLost":0},"potions_obtained":[{"floor":2.0,"key":"Weak Potion"},{"floor":5.0,"key":"ColorlessPotion"},{"floor":8.0,"key":"DuplicationPotion"},{"floor":11.0,"key":"AttackPotion"},{"floor":18,"key":"SpeedPotion"},{"floor":22,"key":"AttackPotion"}],"is_trial":false,"path_per_floor":["M","M","M","$","M","R","E","M","T","?","E","?","E","M","R","B",null,"M","?","$","M","M","E","$","R","T","E"],"character_chosen":"IRONCLAD","basemod:card_modifiers":[null,null,null,null,null,null,null,null,null,null,null,null,null,null,null,null,null,null,null,null,null,null,null],"items_purchased":["True Grit","PowerPotion","Pommel Strike","Sling"],"campfire_rested":0,"item_purchase_floors":[4,4,4,20],"current_hp_per_floor":[58,57,55,55,58,58,49,44,44,62,67,67,64,74,74,59,71,66,66,66,54,42,42,42,42,42,0],"gold":36,"neow_bonus":"TRANSFORM_CARD","is_prod":false,"is_daily":false,"rewards_skipped":[{"floor":14,"relics":[],"potions":["ColorlessPotion"]},{"floor":16,"relics":[],"potions":["EssenceOfSteel"]}],"chose_seed":false,"campfire_upgraded":3,"win_rate":0,"floor_exit_playtime":[327,402,448,515,614,632,824,927,933,943,1089,1097,1448,1559,1594,1939,2051,2147,2174,2260,2395,2485,2624,2679,2703,2708],"timestamp":1706898519,"path_taken":["M","M","M","$","M","R","E","M","T","?","E","?","E","M","R","BOSS","M","?","$","M","M","E","?","R","T","E"],"build_version":"2022-12-01","purchased_purges":1,"victory":false,"max_hp_per_floor":[75,75,75,75,75,75,75,75,75,75,75,75,75,75,75,75,75,75,75,75,75,75,75,75,75,75,75],"relic_stats":{"counters":[15,87],"Sundial":[8],"Blue Candle":[0],"CeramicFish":9,"Tiny Chest":0,"obtain_stats":[{"SlaversCollar":17,"Sundial":7,"Blue Candle":13,"CeramicFish":23,"Tiny Chest":11,"Sling":20,"Burning Blood":0,"White Beast Statue":26,"Paper Frog":9},{"SlaversCollar":10,"Sundial":5,"Blue Candle":8,"CeramicFish":14,"Tiny Chest":7,"Sling":11,"Burning Blood":0,"White Beast Statue":14,"Paper Frog":6},{"SlaversCollar":67,"Sundial":27,"Blue Candle":49,"CeramicFish":81,"Tiny Chest":35,"Sling":70,"Burning Blood":0,"White Beast Statue":81,"Paper Frog":32}],"Burning Blood":84,"White Beast Statue":[0.0,0.0,0.0,0.0,1.0,0.0,0.0,0.0,0.0,0.0,0.0,0.0]},"card_choices":[{"not_picked":["Whirlwind","Anger"],"picked":"Battle Trance","floor":1.0},{"not_picked":["Clash","Wild Strike"],"picked":"Anger","floor":2.0},{"not_picked":["Flex","Battle Trance"],"picked":"Armaments","floor":3.0},{"not_picked":["Pommel Strike","Burning Pact"],"picked":"Shrug It Off","floor":5.0},{"not_picked":["Perfected Strike","Dropkick","True Grit"],"picked":"SKIP","floor":7.0},{"not_picked":["Pommel Strike","Shrug It Off"],"picked":"Reaper","floor":8.0},{"not_picked":["Iron Wave","Shrug It Off","Searing Blow"],"picked":"SKIP","floor":11.0},{"not_picked":["Clash","True Grit"],"picked":"Cleave","floor":13},{"not_picked":["Armaments","Cleave"],"picked":"Immolate","floor":14},{"not_picked":["Immolate","Brutality"],"picked":"Corruption","floor":16},{"not_picked":["Anger","Searing Blow"],"picked":"Thunderclap","floor":18},{"not_picked":["Uppercut","Body Slam+1","Carnage"],"picked":"SKIP","floor":21},{"not_picked":["Clash","Twin Strike"],"picked":"Feel No Pain","floor":22},{"not_picked":["Body Slam","Sword Boomerang"],"picked":"Intimidate","floor":23}],"player_experience":166237,"relics_obtained":[{"floor":7.0,"key":"Sundial"},{"floor":9.0,"key":"Paper Frog"},{"floor":11.0,"key":"Tiny Chest"},{"floor":13,"key":"Blue Candle"},{"floor":23,"key":"CeramicFish"},{"floor":26,"key":"White Beast Statue"}],"event_choices":[{"damage_healed":18.0,"max_hp_gain":0.0,"max_hp_loss":0.0,"gold_gain":0.0,"event_name":"The Cleric","player_choice":"Healed","floor":10.0,"gold_loss":35.0,"damage_taken":0.0},{"damage_healed":0.0,"max_hp_gain":0.0,"max_hp_loss":0.0,"gold_gain":0.0,"event_name":"Liars Game","player_choice":"Ignored","floor":12.0,"gold_loss":0.0,"damage_taken":0.0},{"damage_healed":0,"gold_gain":0,"player_choice":"Upgraded","damage_taken":0,"max_hp_gain":0,"max_hp_loss":0,"event_name":"Upgrade Shrine","floor":19,"gold_loss":0,"cards_upgraded":["Battle Trance"]}],"is_beta":false,"boss_relics":[{"not_picked":["Sozu","Busted Crown"],"picked":"SlaversCollar"}],"items_purged_floors":[24],"is_endless":false,"potions_floor_spawned":[2,5,8,11,14,16,18,22],"killed_by":"Gremlin Leader","ascension_level":20,"potion_discard_per_floor":[[],[],[],[],[],[],[],[],[],[],[],[],[],[],[],[],[],[],[],[],[],[],[],[],[],[],[]]}