{"neow_bonuses_skipped_log":["UPGRADE_CARD","RANDOM_COMMON_RELIC","BOSS_RELIC"],"potions_obtained_entropic_brew":[[],[],[],[],[],[],[],[],[],[],[],[],[],[],[],[],[],[],[],[],[],[],[],[],[],[],[],[],[],[],[],[],[],[],[],[],[],[],[],[],[],[],[],[],[],[],[],[],[],[],[],[],[],[],[],[],[]],"neow_costs_skipped_log":["NONE","NONE","NONE"],"gold_per_floor":[17,17,35,51,126,152,168,168,168,168,202,202,233,245,245,324,324,338,350,364,390,403,403,403,433,459,476,65,83,96,112,112,186,186,200,225,236,136,136,136,153,165,190,190,190,27,46,78,78,78,78,78,78,0,35,35],"floor_reached":57,"playtime":7229,"items_purged":["Strike_R","Strike_R"],"score":2727,"play_id":"e0c52743-f66a-42c3-9b65-32f56069c54e","local_time":"20240317012023","score_breakdown":["Floors Climbed (57): 285","Enemies Slain (18): 36","Exordium Elites Killed (3): 30","City Elites Killed (1): 20","Beyond Elites Killed (1): 30","Bosses Slain (5): 750","Librarian: 25","Stuffed: 50","Champion (1): 25","Overkill: 25","Ascension (20): 1201","Heartbreaker: 250"],"is_ascension_mode":true,"potions_obtained_alchemize":[[],[],[],[],[],[],[],[],[],[],[],[],[],[],[],[],[],[],[],[],[],[],[],[],[],[],[],[],[],[],[],[],[],[],[],[],[],[],[],[],[],[],[],[],[],[],[],[],[],[],[],[],[],[],[],[],[]],"campfire_choices":[{"data":"Apotheosis","floor":8.0,"key":"SMITH"},{"floor":10.0,"key":"REST"},{"floor":12.0,"key":"REST"},{"data":"Dark Embrace","floor":15.0,"key":"SMITH"},{"floor":23,"key":"REST"},{"floor":32,"key":"REST"},{"data":"1","floor":40,"key":"LIFT"},{"data":"2","floor":44,"key":"LIFT"},{"floor":49,"key":"RECALL"},{"floor":53,"key":"REST"}],"lesson_learned_per_floor":[[],[],[],[],[],[],[],[],[],[],[],[],[],[],[],[],[],[],[],[],[],[],[],[],[],[],[],[],[],[],[],[],[],[],[],[],[],[],[],[],[],[],[],[],[],[],[],[],[],[],[],[],[],[],[],[],[]],"neow_cost":"NO_GOLD","improvable_cards":{},"seed_source_timestamp":0,"shop_contents":[{"floor":28,"relics":["Ice Cream","Prayer Wheel"],"cards":["Clothesline","Armaments","Metallicize","PanicButton","Panache"],"potions":["GamblersBrew","Weak Potion","ColorlessPotion"]},{"floor":38,"relics":["Lantern","Akabeko","Medical Kit"],"cards":["Headbutt","Dropkick","Flex","Rage","Combust","Impatience","HandOfGreed"],"potions":["SpeedPotion","Block Potion","GamblersBrew"]},{"floor":46,"relics":["Pen Nib","Frozen Eye"],"cards":["Thunderclap","Anger","Double Tap","Shockwave","Fire Breathing","Good Instincts","Apotheosis"],"potions":["PowerPotion","FearPotion","BlessingOfTheForge"]},{"floor":54,"relics":["Vajra","Oddly Smooth Stone","Cauldron"],"cards":["Reaper","Twin Strike","Shrug It Off","Inflame","Mind Blast","Metamorphosis"],"potions":["SteroidPotion","Fire Potion","ColorlessPotion"]}],"circlet_count":0,"master_deck":["AscendersBane","Defend_R","Defend_R","Defend_R","Bash","Apotheosis+1","Headbutt","Battle Trance","Feed","Double Tap","Clothesline","Dark Embrace+1","Shockwave","Impervious","True Grit","Fiend Fire","Reaper","Feel No Pain","Impervious","Whirlwind","Dark Embrace","Offering","Pommel Strike","Limit Break","Anger+1","Immolate+1","Cleave+1","Exhume","Heavy Blade","Master of Strategy","Discovery","Warcry+1","Pummel","Shrug It Off","Disarm","Warcry+1"],"special_seed":0,"potion_use_per_floor":[[],[],[],[],[],["ColorlessPotion"],["SkillPotion"],[],[],[],[],[],[],[],[],[],[],[],[],[],[],["Fruit Juice"],[],[],["PowerPotion","DuplicationPotion"],[],[],[],[],[],[],[],["SkillPotion"],[],[],[],[],[],[],[],[],[],[],[],[],[],[],["SteroidPotion"],[],[],[],[],[],[],[],["CultistPotion"],[]],"relics":["Burning Blood","Bottled Lightning","Question Card","Anchor","Philosopher\u0027s Stone","Red Mask","Nloth\u0027s Gift","Pocketwatch","ClockworkSouvenir","Astrolabe","Girya","Bag of Marbles","StrikeDummy","Bag of Preparation","Orichalcum","Centennial Puzzle"],"potions_floor_usage":[22,25,25,33,48,56],"damage_taken":[{"damage":0.0,"enemies":"Small Slimes","floor":1.0,"turns":4.0},{"damage":7.0,"enemies":"Jaw Worm","floor":3.0,"turns":4.0},{"damage":3.0,"enemies":"Cultist","floor":4.0,"turns":4.0},{"damage":20.0,"enemies":"3 Sentries","floor":6.0,"turns":8.0},{"damage":23.0,"enemies":"Lots of Slimes","floor":7.0,"turns":4.0},{"damage":24.0,"enemies":"Lagavulin","floor":11.0,"turns":5.0},{"damage":29.0,"enemies":"Gremlin Nob","floor":13.0,"turns":4.0},{"damage":5.0,"enemies":"Large Slime","floor":14.0,"turns":6.0},{"damage":50.0,"enemies":"Slime Boss","floor":16.0,"turns":9.0},{"damage":13.0,"enemies":"Shell Parasite","floor":18.0,"turns":6.0},{"damage":42.0,"enemies":"Spheric Guardian","floor":19.0,"turns":6.0},{"damage":26.0,"enemies":"Shelled Parasite and Fungi","floor":20.0,"turns":7.0},{"damage":8,"enemies":"Masked Bandits","floor":21,"turns":3},{"damage":33,"enemies":"Centurion and Healer","floor":22,"turns":4},{"damage":24,"enemies":"Book of Stabbing","floor":25,"turns":3},{"damage":14,"enemies":"Snecko","floor":27,"turns":4},{"damage":0,"enemies":"Snake Plant","floor":29,"turns":4},{"damage":8,"enemies":"Centurion and Healer","floor":30,"turns":7},{"damage":23,"enemies":"Shelled Parasite and Fungi","floor":31,"turns":8},{"damage":92,"enemies":"Collector","floor":33,"turns":15},{"damage":8,"enemies":"3 Darklings","floor":35,"turns":7},{"damage":0,"enemies":"Mind Bloom Boss Battle","floor":36,"turns":6},{"damage":6,"enemies":"3 Shapes","floor":37,"turns":3},{"damage":2,"enemies":"Writhing Mass","floor":41,"turns":4},{"damage":12,"enemies":"Maw","floor":42,"turns":5},{"damage":20,"enemies":"4 Shapes","floor":47,"turns":8},{"damage":12,"enemies":"Giant Head","floor":48,"turns":5},{"damage":46,"enemies":"Time Eater","floor":50,"turns":11},{"damage":138,"enemies":"Awakened One","floor":51,"turns":14},{"damage":84,"enemies":"Shield and Spear","floor":55,"turns":6},{"damage":155,"enemies":"The Heart","floor":56,"turns":9}],"green_key_taken_log":11,"seed_played":"-5018019436975611359","neow_bonus_log":{"cardsObtained":[],"cardsUpgraded":[],"cardsRemoved":[],"cardsTransformed":[],"relicsObtained":[],"maxHpGained":0,"goldGained":0,"damageTaken":0,"goldLost":99,"maxHpLost":0},"potions_obtained":[{"floor":4.0,"key":"ColorlessPotion"},{"floor":6.0,"key":"SkillPotion"},{"floor":13.0,"key":"Fruit Juice"},{"floor":14.0,"key":"DuplicationPotion"},{"floor":22,"key":"PowerPotion"},{"floor":30,"key":"LiquidMemories"},{"floor":31,"key":"SkillPotion"},{"floor":33,"key":"LiquidBronze"},{"floor":35,"key":"SteroidPotion"},{"floor":48,"key":"BlessingOfTheForge"},{"floor":55,"key":"CultistPotion"}],"is_trial":false,"path_per_floor":["M","?","M","M","?","E","M","R","T","R","E","R","E","M","R","B",null,"M","M","M","?","M","R","?","E","T","M","$","M","M","M","R","B",null,"M","?","M","$","?","R","M","M","T","R","?","$","M","E","R","B","B",null,"R","$","E","B",null],"character_chosen":"IRONCLAD","basemod:card_modifiers":[null,null,null,null,null,null,null,null,null,null,null,null,null,null,null,null,null,null,null,null,null,null,null,null,null,null,null,null,null,null,null,null,null,null,null,null],"items_purchased":["ClockworkSouvenir","Impervious","Whirlwind","Bag of Preparation","Disarm"],"campfire_rested":5,"item_purchase_floors":[28,28,28,46,54],"current_hp_per_floor":[74,67,66,69,58,55,42,42,42,69,55,83,64,69,69,29,87,84,52,36,38,20,59,59,41,41,44,44,54,70,71,115,47,125,148,159,167,167,157,157,165,173,173,173,173,173,179,177,177,162,54,157,191,191,165,141],"gold":35,"neow_bonus":"RANDOM_COLORLESS_2","is_prod":false,"is_daily":false,"rewards_skipped":[{"floor":36,"relics":[],"potions":["FearPotion"]}],"chose_seed":false,"campfire_upgraded":2,"win_rate":0.0,"floor_exit_playtime":[183,203,240,285,297,472,610,619,625,635,736,749,841,957,986,1246,1350,1494,1696,1868,1981,2098,2103,2108,2245,2249,2309,2378,2514,2719,3014,3052,3676,3753,4043,4237,4339,4374,4482,4495,4725,5003,5007,5032,5041,5105,5428,5612,5616,6065,6565,6577,6589,6601,6909,7229],"timestamp":1710652823,"blue_key_relic_skipped_log":{"floor":26,"relicID":"Boot"},"path_taken":["M","?","M","M","?","E","M","R","T","R","E","R","E","M","R","BOSS","M","M","?","?","?","R","?","E","T","M","$","M","M","M","R","BOSS","M","?","M","$","?","R","M","?","T","R","?","?","M","E","R","BOSS","BOSS","R","$","E","BOSS"],"build_version":"2022-12-01","purchased_purges":2,"victory":true,"max_hp_per_floor":[75,75,75,75,75,86,90,90,90,90,94,94,98,102,102,106,106,110,114,118,122,131,131,131,131,131,135,135,139,143,147,147,151,151,155,159,167,167,167,167,171,175,175,175,175,175,179,183,183,187,191,191,191,191,195,195],"relic_stats":{"Girya":2,"Centennial Puzzle":[3],"counters":[31,193],"Astrolabe":["Anger","Immolate","Cleave"],"Nloth\u0027s Gift":7,"Bag of Preparation":[12],"Bottled Lightning":"Apotheosis","Orichalcum":[42],"Question Card":25,"obtain_stats":[{"Girya":36,"Astrolabe":34,"Bag of Preparation":46,"Orichalcum":48,"Question Card":11,"Burning Blood":0,"ClockworkSouvenir":28,"Anchor":13,"Centennial Puzzle":55,"Strawberry":6,"Philosopher\u0027s Stone":17,"Red Mask":21,"Nloth\u0027s Gift":24,"Bag of Marbles":43,"Bottled Lightning":9,"StrikeDummy":45,"Pocketwatch":25},{"Girya":22,"Astrolabe":20,"Bag of Preparation":25,"Orichalcum":27,"Question Card":6,"Burning Blood":0,"ClockworkSouvenir":16,"Anchor":7,"Centennial Puzzle":30,"Strawberry":4,"Philosopher\u0027s Stone":9,"Red Mask":13,"Nloth\u0027s Gift":14,"Bag of Marbles":25,"Bottled Lightning":5,"StrikeDummy":25,"Pocketwatch":15},{"Girya":128,"Astrolabe":115,"Bag of Preparation":140,"Orichalcum":153,"Question Card":29,"Burning Blood":0,"ClockworkSouvenir":81,"Anchor":33,"Centennial Puzzle":184,"Strawberry":20,"Philosopher\u0027s Stone":48,"Red Mask":70,"Nloth\u0027s Gift":74,"Bag of Marbles":140,"Bottled Lightning":24,"StrikeDummy":140,"Pocketwatch":77}],"Burning Blood":176,"Pocketwatch":[146]},"card_choices":[{"not_picked":["The Bomb","HandOfGreed"],"picked":"Apotheosis","floor":0.0},{"not_picked":["Iron Wave","Clothesline"],"picked":"Headbutt","floor":1.0},{"not_picked":["Pommel Strike","Iron Wave"],"picked":"Battle Trance","floor":3.0},{"not_picked":["Wild Strike","Rage"],"picked":"Feed","floor":4.0},{"not_picked":["Perfected Strike","Wild Strike"],"picked":"Double Tap","floor":6.0},{"not_picked":["Rage","Wild Strike"],"picked":"Clothesline","floor":7.0},{"not_picked":["Warcry","Wild Strike"],"picked":"Cleave","floor":11.0},{"not_picked":["Heavy Blade","Clash","Perfected Strike"],"picked":"Dark Embrace","floor":13.0},{"not_picked":["Havoc","Seeing Red","Combust"],"picked":"Shockwave","floor":14.0},{"not_picked":["Brutality","Reaper","Limit Break"],"picked":"Impervious","floor":16.0},{"not_picked":["Clothesline","Battle Trance","Blood for Blood"],"picked":"True Grit","floor":18.0},{"not_picked":["Wild Strike","Dropkick","Body Slam","Ghostly Armor"],"picked":"SKIP","floor":19.0},{"not_picked":["Whirlwind","True Grit","Iron Wave"],"picked":"Fiend Fire","floor":20.0},{"not_picked":["Headbutt","Anger","Wild Strike","Battle Trance"],"picked":"SKIP","floor":21},{"not_picked":["Body Slam","Heavy Blade+1","Sword Boomerang","Infernal Blade"],"picked":"SKIP","floor":22},{"not_picked":["Headbutt","Reckless Charge","Hemokinesis"],"picked":"Reaper","floor":25},{"not_picked":["Headbutt","Blood for Blood","Shrug It Off+1"],"picked":"Feel No Pain","floor":27},{"not_picked":["Metallicize","Entrench","Evolve+1"],"picked":"Dark Embrace","floor":29},{"not_picked":["Pommel Strike","Perfected Strike","Combust+1"],"picked":"Offering","floor":30},{"not_picked":["Shrug It Off","Intimidate+1","Sentinel"],"picked":"Pommel Strike","floor":31},{"not_picked":["Bludgeon","Brutality","Immolate"],"picked":"Limit Break","floor":33},{"not_picked":["Sever Soul","Hemokinesis+1","Rage","Flex"],"picked":"SKIP","floor":35},{"not_picked":["Thunderclap+1","Bloodletting","Clothesline"],"picked":"Exhume","floor":36},{"not_picked":["Anger","Iron Wave","Intimidate"],"picked":"Heavy Blade","floor":37},{"not_picked":["Discovery","Dramatic Entrance","Impatience"],"picked":"Master of Strategy","floor":39},{"not_picked":["Violence","Metamorphosis","Panache"],"picked":"Discovery","floor":39},{"not_picked":["Bandage Up","Enlightenment","Trip","HandOfGreed"],"picked":"SKIP","floor":39},{"not_picked":["Wild Strike","True Grit","Perfected Strike+1"],"picked":"Warcry+1","floor":41},{"not_picked":["Hemokinesis","Heavy Blade","Fire Breathing"],"picked":"Pummel","floor":42},{"not_picked":["Pummel+1","Reaper","Entrench+1"],"picked":"Shrug It Off","floor":47},{"not_picked":["Cleave","Entrench","Demon Form","Bludgeon"],"picked":"SKIP","floor":48},{"not_picked":["Fiend Fire","Corruption","Rupture"],"picked":"Warcry+1","floor":55}],"player_experience":98273,"relics_obtained":[{"floor":6.0,"key":"Strawberry"},{"floor":9.0,"key":"Bottled Lightning"},{"floor":11.0,"key":"Question Card"},{"floor":13.0,"key":"Anchor"},{"floor":21,"key":"Red Mask"},{"floor":25,"key":"Pocketwatch"},{"floor":36,"key":"Girya"},{"floor":43,"key":"Bag of Marbles"},{"floor":48,"key":"Orichalcum"},{"floor":55,"key":"Centennial Puzzle"}],"event_choices":[{"cards_removed":["Strike_R"],"damage_healed":0.0,"max_hp_gain":0.0,"max_hp_loss":0.0,"gold_gain":0.0,"event_name":"Golden Wing","player_choice":"Card Removal","floor":2.0,"gold_loss":0.0,"damage_taken":7.0},{"damage_healed":0.0,"max_hp_gain":0.0,"max_hp_loss":0.0,"gold_gain":75.0,"event_name":"World of Goop","player_choice":"Gather Gold","floor":5.0,"gold_loss":0.0,"damage_taken":11.0},{"damage_healed":0,"gold_gain":0,"player_choice":"Fought Bandits","damage_taken":0,"max_hp_gain":0,"max_hp_loss":0,"event_name":"Masked Bandits","floor":21,"gold_loss":0},{"damage_healed":0,"gold_gain":0,"player_choice":"Traded Relic","damage_taken":0,"relics_obtained":["Nloth\u0027s Gift"],"max_hp_gain":0,"max_hp_loss":0,"event_name":"N\u0027loth","floor":24,"relics_lost":["Strawberry"],"gold_loss":0},{"damage_healed":0,"gold_gain":0,"player_choice":"Fight","damage_taken":0,"max_hp_gain":0,"max_hp_loss":0,"event_name":"MindBloom","floor":36,"gold_loss":0},{"damage_healed":0,"gold_gain":0,"player_choice":"Memory 3","damage_taken":10,"max_hp_gain":0,"max_hp_loss":0,"event_name":"SensoryStone","floor":39,"gold_loss":0},{"cards_removed":["Cleave"],"damage_healed":0,"gold_gain":0,"player_choice":"Gave Card","damage_taken":0,"relics_obtained":["StrikeDummy"],"max_hp_gain":0,"max_hp_loss":0,"event_name":"WeMeetAgain","floor":45,"gold_loss":0}],"is_beta":false,"boss_relics":[{"not_picked":["Ectoplasm","Velvet Choker"],"picked":"Philosopher\u0027s Stone"},{"not_picked":["Mark of Pain","Coffee Dripper"],"picked":"Astrolabe"}],"items_purged_floors":[28,38],"is_endless":false,"potions_floor_spawned":[4,6,13,14,22,30,31,33,35,36,48,55],"ascension_level":20,"potion_discard_per_floor":[[],[],[],[],[],[],[],[],[],[],[],[],[],[],[],[],[],[],[],[],[],[],[],[],[],[],[],[],[],[],[],[],[],[],["LiquidBronze"],[],[],[],[],[],[],[],[],[],[],[],[],[],[],[],[],[],[],[],["BlessingOfTheForge"],[],[]]}