{"neow_bonuses_skipped_log":["REMOVE_CARD","TRANSFORM_TWO_CARDS","BOSS_RELIC"],"potions_obtained_entropic_brew":[[],[],[],[],[],[],[],[],[],[],[],[],[],[],[],[],[],[],[],[],[],[],[],[],[],[],[],[],[],[],[],[],[],[],[],[],[],[],[],[],[],[],[],[],[],[],[],[],[],[]],"neow_costs_skipped_log":["NONE","NO_GOLD","NONE"],"gold_per_floor":[115,115,14,25,25,56,56,89,89,101,136,136,136,152,152,228,228,240,253,253,253,272,272,303,303,326,326,344,314,328,358,358,437,437,454,479,496,496,512,543,543,571,571,571,571,589,175,113,113,113],"floor_reached":50,"playtime":2308,"items_purged":["Defend_R"],"score":1287,"play_id":"b8f27cff-01b9-4157-b68d-224a6d5482a2","local_time":"20240309205123","score_breakdown":["Floors Climbed (50): 250","Enemies Slain (13): 26","Exordium Elites Killed (3): 30","City Elites Killed (2): 40","Beyond Elites Killed (2): 60","Bosses Slain (2): 150","Well Fed: 25","Champion (3): 75","Ascension (20): 631"],"is_ascension_mode":true,"potions_obtained_alchemize":[[],[],[],[],[],[],[],[],[],[],[],[],[],[],[],[],[],[],[],[],[],[],[],[],[],[],[],[],[],[],[],[],[],[],[],[],[],[],[],[],[],[],[],[],[],[],[],[],[],[]],"campfire_choices":[{"data":"Anger","floor":7,"key":"SMITH"},{"data":"1","floor":13,"key":"LIFT"},{"data":"True Grit","floor":15,"key":"SMITH"},{"data":"2","floor":23,"key":"LIFT"},{"data":"3","floor":25,"key":"LIFT"},{"data":"Burning Pact","floor":32,"key":"SMITH"},{"data":"Double Tap","floor":41,"key":"SMITH"},{"floor":44,"key":"RECALL"},{"data":"Sentinel","floor":49,"key":"SMITH"}],"lesson_learned_per_floor":[[],[],[],[],[],[],[],[],[],[],[],[],[],[],[],[],[],[],[],[],[],[],[],[],[],[],[],[],[],[],[],[],[],[],[],[],[],[],[],[],[],[],[],[],[],[],[],[],[],[]],"neow_cost":"NONE","improvable_cards":{},"seed_source_timestamp":333064379728792,"shop_contents":[{"floor":3,"relics":["Blue Candle","Toy Ornithopter","Membership Card"],"cards":["Wild Strike+1","Shockwave","Rupture","Swift Strike+1","HandOfGreed+1"],"potions":["Block Potion","FearPotion","Swift Potion"]},{"floor":47,"relics":["Turnip","War Paint","CeramicFish"],"cards":["Clash+1","Immolate+1","Sentinel","Shrug It Off","Fire Breathing+1","Dramatic Entrance+1","Sadistic Nature+1"],"potions":["DuplicationPotion","Energy Potion","BlessingOfTheForge"]},{"floor":48,"relics":["StrikeDummy","Mercury Hourglass","Medical Kit"],"cards":["Anger+1","Dropkick+1","Armaments","Flex","Inflame+1","Finesse","Thinking Ahead"],"potions":["SmokeBomb","AttackPotion","Dexterity Potion"]}],"circlet_count":0,"master_deck":["AscendersBane","Strike_R+1","Strike_R+1","Strike_R","Defend_R","Defend_R","Defend_R","Bash+1","Anger+1","Spot Weakness","Sword Boomerang+1","Pommel Strike+1","Immolate+1","True Grit+1","Pummel+1","Fiend Fire+1","Pummel+1","Double Tap+1","Clothesline+1","Dark Embrace+1","Sentinel+1","Burning Pact+1","Limit Break","Disarm+1","Flame Barrier+1","Evolve+1","Dark Embrace+1"],"special_seed":0,"potion_use_per_floor":[[],[],[],[],[],[],[],[],[],[],[],[],[],[],[],[],[],[],[],[],[],["Swift Potion"],[],["LiquidMemories"],[],[],[],["ColorlessPotion"],["Fruit Juice"],[],["Block Potion"],[],[],[],[],[],[],[],[],["Regen Potion"],[],["Strength Potion"],[],[],[],[],[],[],[],["Regen Potion","SteroidPotion"]],"relics":["Burning Blood","NeowsBlessing","Molten Egg 2","Omamori","Frozen Egg 2","Girya","Regal Pillow","Coffee Dripper","Whetstone","Strawberry","Calling Bell","Bronze Scales","Pear","TungstenRod","Du-Vu Doll","The Courier","Matryoshka","FossilizedHelix","Juzu Bracelet","Question Card","TheAbacus","Bag of Preparation"],"potions_floor_usage":[22,24,28,29,31,40,42,50,50],"damage_taken":[{"damage":1,"enemies":"Small Slimes","floor":1,"turns":2},{"damage":0,"enemies":"2 Louse","floor":4,"turns":1},{"damage":0,"enemies":"Lagavulin","floor":6,"turns":1},{"damage":11,"enemies":"Gremlin Nob","floor":8,"turns":3},{"damage":0,"enemies":"Cultist","floor":10,"turns":2},{"damage":15,"enemies":"3 Sentries","floor":11,"turns":4},{"damage":0,"enemies":"Exordium Wildlife","floor":14,"turns":2},{"damage":47,"enemies":"Hexaghost","floor":16,"turns":6},{"damage":24,"enemies":"Shell Parasite","floor":18,"turns":3},{"damage":0,"enemies":"Chosen","floor":19,"turns":3},{"damage":0,"enemies":"Snake Plant","floor":22,"turns":1},{"damage":0,"enemies":"Gremlin Leader","floor":24,"turns":2},{"damage":0,"enemies":"Sentry and Sphere","floor":28,"turns":1},{"damage":0,"enemies":"Chosen and Byrds","floor":30,"turns":3},{"damage":0,"enemies":"Slavers","floor":31,"turns":2},{"damage":78,"enemies":"Champ","floor":33,"turns":13},{"damage":15,"enemies":"Orb Walker","floor":35,"turns":2},{"damage":0,"enemies":"Mind Bloom Boss Battle","floor":36,"turns":3},{"damage":15,"enemies":"3 Darklings","floor":37,"turns":3},{"damage":0,"enemies":"4 Shapes","floor":39,"turns":1},{"damage":46,"enemies":"Reptomancer","floor":40,"turns":4},{"damage":36,"enemies":"Nemesis","floor":42,"turns":5},{"damage":0,"enemies":"Jaw Worm Horde","floor":46,"turns":2},{"damage":42,"enemies":"Donu and Deca","floor":50,"turns":3}],"green_key_taken_log":31,"seed_played":"8234745766530229762","neow_bonus_log":{"cardsObtained":[],"cardsUpgraded":[],"cardsRemoved":[],"cardsTransformed":[],"relicsObtained":["NeowsBlessing"],"maxHpGained":0,"goldGained":0,"damageTaken":0,"goldLost":0,"maxHpLost":0},"potions_obtained":[{"floor":1,"key":"Swift Potion"},{"floor":4,"key":"Energy Potion"},{"floor":14,"key":"Fire Potion"},{"floor":22,"key":"LiquidMemories"},{"floor":24,"key":"ColorlessPotion"},{"floor":28,"key":"Fire Potion"},{"floor":29,"key":"Fruit Juice"},{"floor":29,"key":"Block Potion"},{"floor":31,"key":"Fire Potion"},{"floor":37,"key":"Regen Potion"},{"floor":39,"key":"Strength Potion"},{"floor":46,"key":"SteroidPotion"}],"is_trial":false,"path_per_floor":["M","?","$","M","?","E","R","E","T","M","E","?","R","M","R","B",null,"M","M","?","?","M","R","E","R","T","?","M","?","M","E","R","B",null,"M","?","M","T","M","E","R","E","T","R","?","M","$","$","R","B"],"character_chosen":"IRONCLAD","basemod:card_modifiers":[null,null,null,null,null,null,null,null,null,null,null,null,null,null,null,null,null,null,null,null,null,null,null,null,null,null,null],"items_purchased":["Spot Weakness","Sword Boomerang+1","TheAbacus","Bag of Preparation","Evolve+1","Regen Potion","Dark Embrace+1"],"campfire_rested":0,"item_purchase_floors":[3,3,47,47,47,47,48],"current_hp_per_floor":[73,73,73,75,75,75,75,70,70,75,66,71,71,77,77,36,69,51,57,57,57,63,63,69,69,69,69,75,80,85,92,92,20,84,75,81,72,72,78,50,50,20,20,20,20,26,26,26,26,0],"gold":113,"neow_bonus":"THREE_ENEMY_KILL","is_prod":false,"is_daily":false,"rewards_skipped":[{"floor":16,"relics":[],"potions":["Block Potion"]}],"chose_seed":false,"campfire_upgraded":5,"win_rate":0,"floor_exit_playtime":[75,94,120,129,159,167,182,215,220,244,323,329,342,377,386,492,552,627,655,690,704,752,762,881,892,926,935,977,991,1048,1119,1125,1402,1434,1473,1539,1618,1622,1668,1839,1897,1986,1995,2007,2010,2065,2118,2173,2184],"timestamp":1710035483,"blue_key_relic_skipped_log":{"floor":26,"relicID":"Smiling Mask"},"path_taken":["M","?","$","?","?","E","R","E","T","M","E","?","R","M","R","BOSS","M","M","?","?","M","R","E","R","T","?","?","?","M","E","R","BOSS","M","?","M","?","?","E","R","E","T","R","?","M","?","$","R","BOSS"],"build_version":"2022-12-01","purchased_purges":1,"victory":false,"max_hp_per_floor":[75,75,75,75,75,75,75,75,75,75,75,80,80,80,80,80,80,80,80,80,80,80,80,80,80,80,80,80,85,85,92,92,92,102,102,102,102,102,102,102,102,102,102,102,102,102,102,102,102,102],"relic_stats":{"Girya":3,"Regal Pillow":0,"counters":[24,72],"The Courier":118,"Omamori":1,"Juzu Bracelet":0,"Bag of Preparation":[2],"Whetstone":["Strike_R","Strike_R"],"Question Card":1,"Burning Blood":120,"Matryoshka":1,"TheAbacus":[0],"Bronze Scales":[52],"obtain_stats":[{"Girya":9,"Regal Pillow":11,"Pear":34,"NeowsBlessing":0,"The Courier":38,"Omamori":6,"Juzu Bracelet":43,"Bag of Preparation":47,"Whetstone":24,"Frozen Egg 2":8,"Question Card":43,"Burning Blood":0,"Calling Bell":34,"Du-Vu Doll":36,"Matryoshka":40,"TheAbacus":47,"Strawberry":31,"Bronze Scales":34,"Molten Egg 2":2,"Coffee Dripper":17,"TungstenRod":34,"FossilizedHelix":42},{"Girya":4,"Regal Pillow":6,"Pear":16,"NeowsBlessing":0,"The Courier":19,"Omamori":3,"Juzu Bracelet":22,"Bag of Preparation":23,"Whetstone":12,"Frozen Egg 2":4,"Question Card":22,"Burning Blood":0,"Calling Bell":16,"Du-Vu Doll":18,"Matryoshka":21,"TheAbacus":23,"Strawberry":15,"Bronze Scales":16,"Molten Egg 2":1,"Coffee Dripper":8,"TungstenRod":16,"FossilizedHelix":22},{"Girya":7,"Regal Pillow":13,"Pear":49,"NeowsBlessing":0,"The Courier":57,"Omamori":4,"Juzu Bracelet":67,"Bag of Preparation":69,"Whetstone":30,"Frozen Egg 2":7,"Question Card":67,"Burning Blood":0,"Calling Bell":49,"Du-Vu Doll":54,"Matryoshka":62,"TheAbacus":69,"Strawberry":36,"Bronze Scales":49,"Molten Egg 2":2,"Coffee Dripper":21,"TungstenRod":49,"FossilizedHelix":67}],"TungstenRod":14,"FossilizedHelix":[17]},"card_choices":[{"not_picked":["Hemokinesis","Twin Strike"],"picked":"Anger","floor":1},{"not_picked":["Armaments","Havoc"],"picked":"Pommel Strike+1","floor":4},{"not_picked":["Pommel Strike+1","Body Slam+1"],"picked":"Immolate+1","floor":6},{"not_picked":["Headbutt+1","Body Slam+1"],"picked":"True Grit","floor":8},{"not_picked":["Heavy Blade+1","Body Slam+1"],"picked":"Pummel+1","floor":10},{"not_picked":["True Grit","Pommel Strike+1"],"picked":"Fiend Fire+1","floor":11},{"not_picked":["Warcry","Armaments"],"picked":"Pummel+1","floor":14},{"not_picked":["Bludgeon+1","Fiend Fire+1"],"picked":"Double Tap","floor":16},{"not_picked":["Twin Strike+1","Flex"],"picked":"Clothesline+1","floor":18},{"not_picked":["Clash+1","Armaments"],"picked":"Dark Embrace+1","floor":19},{"not_picked":["Cleave+1","Anger+1","Blood for Blood+1"],"picked":"SKIP","floor":22},{"not_picked":["Juggernaut+1","True Grit","Havoc"],"picked":"SKIP","floor":24},{"not_picked":["Rupture+1","Clash+1","Reckless Charge+1"],"picked":"SKIP","floor":28},{"not_picked":["Iron Wave+1","Searing Blow+1"],"picked":"Sentinel","floor":30},{"not_picked":["Clash+1","Heavy Blade+1"],"picked":"Burning Pact","floor":31},{"not_picked":["Juggernaut+1","Fiend Fire+1"],"picked":"Limit Break","floor":33},{"not_picked":["Headbutt+1","Thunderclap+1","Searing Blow+1"],"picked":"SKIP","floor":35},{"not_picked":["Perfected Strike+1","Flex+1"],"picked":"Disarm+1","floor":36},{"not_picked":["Headbutt+1","Whirlwind+1","Havoc"],"picked":"SKIP","floor":37},{"not_picked":["Inflame+1","Body Slam+1","Warcry"],"picked":"SKIP","floor":39},{"not_picked":["Inflame+1","Body Slam+1","Warcry"],"picked":"SKIP","floor":39},{"not_picked":["Iron Wave+1","Wild Strike+1","Inflame+1"],"picked":"SKIP","floor":40},{"not_picked":["Clothesline+1","True Grit"],"picked":"Flame Barrier+1","floor":42},{"not_picked":["Flex","Warcry","Iron Wave+1","Immolate+1"],"picked":"SKIP","floor":46}],"player_experience":136828,"relics_obtained":[{"floor":2,"key":"Molten Egg 2"},{"floor":6,"key":"Omamori"},{"floor":8,"key":"Frozen Egg 2"},{"floor":9,"key":"Girya"},{"floor":11,"key":"Regal Pillow"},{"floor":24,"key":"Whetstone"},{"floor":31,"key":"Strawberry"},{"floor":34,"key":"Bronze Scales"},{"floor":34,"key":"Pear"},{"floor":34,"key":"TungstenRod"},{"floor":36,"key":"Du-Vu Doll"},{"floor":38,"key":"The Courier"},{"floor":40,"key":"Matryoshka"},{"floor":42,"key":"FossilizedHelix"},{"floor":43,"key":"Juzu Bracelet"},{"floor":43,"key":"Question Card"}],"event_choices":[{"damage_healed":0,"gold_gain":0,"player_choice":"Relic","damage_taken":0,"max_hp_gain":0,"max_hp_loss":0,"event_name":"Wheel of Change","floor":2,"gold_loss":0},{"damage_healed":0,"gold_gain":0,"player_choice":"Upgraded","damage_taken":0,"max_hp_gain":0,"max_hp_loss":0,"event_name":"Upgrade Shrine","floor":5,"gold_loss":0,"cards_upgraded":["Bash"]},{"damage_healed":0,"gold_gain":0,"player_choice":"Donut","damage_taken":0,"max_hp_gain":5,"max_hp_loss":0,"event_name":"Big Fish","floor":12,"gold_loss":0},{"damage_healed":0,"gold_gain":0,"player_choice":"Ignored","damage_taken":0,"max_hp_gain":0,"max_hp_loss":0,"event_name":"N\u0027loth","floor":20,"gold_loss":0},{"cards_removed":["Strike_R"],"damage_healed":0,"gold_gain":0,"player_choice":"Offered Basic","damage_taken":0,"max_hp_gain":0,"max_hp_loss":0,"event_name":"Bonfire Elementals","floor":21,"gold_loss":0},{"cards_removed":["Strike_R"],"damage_healed":0,"gold_gain":0,"player_choice":"Purged","damage_taken":0,"max_hp_gain":0,"max_hp_loss":0,"event_name":"Purifier","floor":27,"gold_loss":0},{"damage_healed":0,"gold_gain":0,"player_choice":"Bought 2 Potions","damage_taken":0,"max_hp_gain":0,"max_hp_loss":0,"event_name":"The Woman in Blue","floor":29,"gold_loss":0},{"damage_healed":0,"gold_gain":0,"player_choice":"Fight","damage_taken":0,"max_hp_gain":0,"max_hp_loss":0,"event_name":"MindBloom","floor":36,"gold_loss":0},{"damage_healed":0,"gold_gain":0,"player_choice":"Ignored","damage_taken":0,"max_hp_gain":0,"max_hp_loss":0,"event_name":"Tomb of Lord Red Mask","floor":45,"gold_loss":0}],"is_beta":false,"boss_relics":[{"not_picked":["Busted Crown","Mark of Pain"],"picked":"Coffee Dripper"},{"not_picked":["Runic Dome","Black Blood"],"picked":"Calling Bell"}],"items_purged_floors":[47],"is_endless":false,"potions_floor_spawned":[1,4,14,16,22,24,28,31,37,39,46],"killed_by":"Donu and Deca","ascension_level":20,"potion_discard_per_floor":[[],[],[],[],[],[],[],[],[],[],[],[],[],["Energy Potion"],[],[],[],[],[],[],[],[],[],[],[],[],[],[],["Fire Potion"],[],[],[],[],[],[],[],["Fire Potion"],[],["Fire Potion"],[],[],[],[],[],[],[],[],[],[],[]]}