{"neow_bonuses_skipped_log":["TEN_PERCENT_HP_BONUS","ONE_RARE_RELIC","BOSS_RELIC"],"neow_costs_skipped_log":["NONE","CURSE","NONE"],"potions_obtained_entropic_brew":[[],[],[],[],[],[],[],[],[],[],[],[],[],[],[],[],[],[],[],[],[],[]],"gold_per_floor":[112,262,276,28,39,39,67,67,90,90,101,101,101,101,101,174,174,191,201,476,476,476],"floor_reached":22,"playtime":1226,"items_purged":["Doubt"],"score":389,"play_id":"248668c8-aff1-40fc-8615-87aba838fbc3","local_time":"20240524110635","score_breakdown":["Floors Climbed (22): 110","Enemies Slain (6): 12","Exordium Elites Killed (1): 10","City Elites Killed (0): 0","Bosses Slain (1): 50","Well Fed: 25","Ascension (20): 182"],"is_ascension_mode":true,"potions_obtained_alchemize":[[],[],[],[],[],[],[],[],[],[],[],[],[],[],[],[],[],[],[],[],[],[]],"campfire_choices":[{"data":"Inflame","floor":6.0,"key":"SMITH"},{"data":"Bash","floor":8.0,"key":"SMITH"},{"data":"Anger","floor":13.0,"key":"SMITH"},{"data":"Burning Pact","floor":15.0,"key":"SMITH"}],"lesson_learned_per_floor":[[],[],[],[],[],[],[],[],[],[],[],[],[],[],[],[],[],[],[],[],[],[]],"neow_cost":"NONE","improvable_cards":{},"seed_source_timestamp":205652942873041,"shop_contents":[{"floor":4,"relics":["Nunchaku","Shuriken","OrangePellets"],"cards":["Clash","Armaments","Havoc","Purity","Secret Weapon"],"potions":["ElixirPotion","BloodPotion","BloodPotion"]}],"circlet_count":0,"master_deck":["AscendersBane","Strike_R","Strike_R","Strike_R","Strike_R","Defend_R","Defend_R","Defend_R","Bash+1","Dark Shackles","Anger+1","Twin Strike","Feed","Evolve","Inflame+1","Burning Pact+1","Clothesline","Shrug It Off","Exhume","Disarm","Regret"],"special_seed":0,"potion_use_per_floor":[[],[],[],[],[],[],[],[],[],[],[],[],[],[],[],["Regen Potion"],[],[],["Block Potion"],[],[],["Fire Potion"]],"relics":["Black Blood","Mummified Hand","Anchor","Champion Belt"],"potions_floor_usage":[22],"damage_taken":[{"damage":0.0,"enemies":"2 Louse","floor":1.0,"turns":3.0},{"damage":12.0,"enemies":"Small Slimes","floor":3.0,"turns":6.0},{"damage":1.0,"enemies":"Cultist","floor":5.0,"turns":4.0},{"damage":45.0,"enemies":"3 Sentries","floor":7.0,"turns":7.0},{"damage":8.0,"enemies":"Looter","floor":11.0,"turns":3.0},{"damage":23.0,"enemies":"Slime Boss","floor":16.0,"turns":9.0},{"damage":18.0,"enemies":"Chosen","floor":18.0,"turns":7.0},{"damage":34.0,"enemies":"3 Byrds","floor":19.0,"turns":8.0},{"damage":33,"enemies":"Centurion and Healer","floor":22,"turns":5}],"seed_played":"7001553092188385514","neow_bonus_log":{"cardsObtained":[],"cardsUpgraded":[],"cardsRemoved":[],"cardsTransformed":[],"relicsObtained":[],"maxHpGained":0,"goldGained":0,"damageTaken":0,"goldLost":0,"maxHpLost":0},"potions_obtained":[{"floor":3.0,"key":"Fire Potion"},{"floor":7.0,"key":"Regen Potion"},{"floor":18.0,"key":"Block Potion"}],"is_trial":false,"path_per_floor":["M","?","M","$","M","R","E","R","T","?","M","T","R","?","R","B",null,"M","M","?","?","M"],"character_chosen":"IRONCLAD","basemod:card_modifiers":[null,null,null,null,null,null,null,null,null,null,null,null,null,null,null,null,null,null,null,null,null],"items_purchased":["Feed","Evolve"],"campfire_rested":0,"item_purchase_floors":[4,4],"current_hp_per_floor":[74,74,68,68,73,73,37,37,37,37,38,38,38,38,38,39,73,70,54,54,26,0],"gold":476,"neow_bonus":"RANDOM_COLORLESS","is_prod":false,"is_daily":false,"rewards_skipped":[],"chose_seed":false,"campfire_upgraded":4,"win_rate":0,"floor_exit_playtime":[109,114,171,208,255,268,436,471,474,482,518,522,536,544,594,735,836,929,1110,1122,1128],"timestamp":1716563195,"path_taken":["M","?","M","$","M","R","E","R","T","?","M","?","R","?","R","BOSS","M","M","?","?","?"],"build_version":"2022-12-01","purchased_purges":1,"victory":false,"max_hp_per_floor":[75,75,75,75,75,75,78,78,78,78,81,81,81,81,81,84,84,87,93,93,98,101],"relic_stats":{"counters":[9,52],"Mummified Hand":[10],"Black Blood":60,"Champion Belt":[5],"obtain_stats":[{"Anchor":9,"Mummified Hand":7,"Black Blood":17,"Champion Belt":12,"Burning Blood":0},{"Anchor":4,"Mummified Hand":4,"Black Blood":6,"Champion Belt":5,"Burning Blood":0},{"Anchor":20,"Mummified Hand":20,"Black Blood":32,"Champion Belt":23,"Burning Blood":0}]},"card_choices":[{"not_picked":["Forethought","PanicButton"],"picked":"Dark Shackles","floor":0.0},{"not_picked":["Iron Wave","Dropkick"],"picked":"Anger","floor":1.0},{"not_picked":["Pummel","Wild Strike"],"picked":"Twin Strike","floor":3.0},{"not_picked":["Burning Pact","Iron Wave"],"picked":"Inflame","floor":5.0},{"not_picked":["Havoc","Armaments"],"picked":"Burning Pact","floor":7.0},{"not_picked":["Armaments","Thunderclap"],"picked":"Shrug It Off","floor":11.0},{"not_picked":["Bludgeon","Berserk"],"picked":"Exhume","floor":16.0},{"not_picked":["Thunderclap","Twin Strike"],"picked":"Disarm","floor":18.0},{"not_picked":["Clothesline","Carnage","Clash"],"picked":"SKIP","floor":19.0}],"player_experience":202845,"relics_obtained":[{"floor":7.0,"key":"Mummified Hand"},{"floor":9.0,"key":"Anchor"},{"floor":12.0,"key":"Champion Belt"}],"event_choices":[{"damage_healed":0.0,"max_hp_gain":0.0,"max_hp_loss":0.0,"gold_gain":150.0,"event_name":"Liars Game","player_choice":"AGREE","floor":2.0,"gold_loss":0.0,"damage_taken":0.0,"cards_obtained":["Doubt"]},{"damage_healed":0.0,"max_hp_gain":0.0,"max_hp_loss":0.0,"gold_gain":0.0,"cards_transformed":["Defend_R"],"event_name":"Transmorgrifier","player_choice":"Transformed","floor":10.0,"gold_loss":0.0,"damage_taken":0.0,"cards_obtained":["Clothesline"]},{"cards_removed":["Strike_R"],"damage_healed":0.0,"max_hp_gain":0.0,"max_hp_loss":0.0,"gold_gain":0.0,"event_name":"Purifier","player_choice":"Purged","floor":14.0,"gold_loss":0.0,"damage_taken":0.0},{"damage_healed":0.0,"max_hp_gain":0.0,"max_hp_loss":0.0,"gold_gain":275.0,"event_name":"Golden Shrine","player_choice":"Desecrate","floor":20.0,"gold_loss":0.0,"damage_taken":0.0,"cards_obtained":["Regret"]},{"damage_healed":0.0,"max_hp_gain":5.0,"max_hp_loss":0.0,"gold_gain":0.0,"event_name":"Forgotten Altar","player_choice":"Shed Blood","floor":21.0,"gold_loss":0.0,"damage_taken":33.0}],"is_beta":false,"boss_relics":[{"not_picked":["Coffee Dripper","Mark of Pain"],"picked":"Black Blood"}],"items_purged_floors":[4],"is_endless":false,"potions_floor_spawned":[3,7,18],"killed_by":"Centurion and Healer","ascension_level":20,"potion_discard_per_floor":[[],[],[],[],[],[],[],[],[],[],[],[],[],[],[],[],[],[],[],[],[],[]]}