{"neow_bonuses_skipped_log":["TRANSFORM_CARD","THREE_SMALL_POTIONS","TWENTY_PERCENT_HP_BONUS"],"potions_obtained_entropic_brew":[[],[],[],[],[],[],[],[]],"neow_costs_skipped_log":["NONE","NONE","PERCENT_DAMAGE"],"gold_per_floor":[116,126,142,160,179,179,213,213],"floor_reached":8,"playtime":611,"items_purged":[],"score":120,"play_id":"520b248a-a200-4370-b43c-bb5e0f98e0dc","local_time":"20240611103634","score_breakdown":["Floors Climbed (8): 40","Enemies Slain (5): 10","Exordium Elites Killed (1): 10","Bosses Slain (0): 0","Ascension (20): 60"],"is_ascension_mode":true,"potions_obtained_alchemize":[[],[],[],[],[],[],[],[]],"campfire_choices":[{"data":"Perfected Strike","floor":6.0,"key":"SMITH"}],"lesson_learned_per_floor":[[],[],[],[],[],[],[],[]],"neow_cost":"NONE","improvable_cards":{},"seed_source_timestamp":0,"shop_contents":[],"circlet_count":0,"master_deck":["AscendersBane","Strike_R","Strike_R","Strike_R","Strike_R","Strike_R","Defend_R","Defend_R","Defend_R","Defend_R","Bash","Perfected Strike+1","Pommel Strike","Dark Embrace","Warcry","Pommel Strike","Feel No Pain"],"special_seed":0,"potion_use_per_floor":[[],[],[],[],["FearPotion"],[],["AttackPotion"],[]],"relics":["SacredBark","Gambling Chip"],"potions_floor_usage":[],"damage_taken":[{"damage":0.0,"enemies":"2 Louse","floor":1.0,"turns":2.0},{"damage":4.0,"enemies":"Small Slimes","floor":2.0,"turns":3.0},{"damage":1.0,"enemies":"Cultist","floor":3.0,"turns":3.0},{"damage":18.0,"enemies":"Exordium Wildlife","floor":4.0,"turns":7.0},{"damage":23.0,"enemies":"Large Slime","floor":5.0,"turns":8.0},{"damage":15.0,"enemies":"3 Sentries","floor":7.0,"turns":4.0},{"damage":0,"enemies":"3 Louse","floor":8,"turns":1}],"seed_played":"1833553851225493941","neow_bonus_log":{"cardsObtained":[],"cardsUpgraded":[],"cardsRemoved":[],"cardsTransformed":[],"relicsObtained":["SacredBark"],"maxHpGained":0,"goldGained":0,"damageTaken":0,"goldLost":0,"maxHpLost":0},"potions_obtained":[{"floor":2.0,"key":"AttackPotion"},{"floor":3.0,"key":"FearPotion"},{"floor":5.0,"key":"ElixirPotion"}],"is_trial":false,"path_per_floor":["M","M","M","M","M","R","E","M"],"character_chosen":"IRONCLAD","basemod:card_modifiers":[null,null,null,null,null,null,null,null,null,null,null,null,null,null,null,null,null],"items_purchased":[],"campfire_rested":0,"item_purchase_floors":[],"current_hp_per_floor":[68,64,63,45,22,22,7,7],"gold":213,"neow_bonus":"BOSS_RELIC","is_prod":false,"is_daily":false,"rewards_skipped":[],"chose_seed":false,"campfire_upgraded":1,"win_rate":0,"floor_exit_playtime":[91,140,168,417,515,527,590],"timestamp":1718127394,"path_taken":["M","M","M","M","?","R","E","M"],"build_version":"2022-12-01","purchased_purges":0,"victory":false,"max_hp_per_floor":[75,75,75,75,75,75,75,75],"relic_stats":{"counters":[7,28],"Gambling Chip":[4],"obtain_stats":[{"SacredBark":0,"Gambling Chip":7,"Burning Blood":0},{"SacredBark":0,"Gambling Chip":6,"Burning Blood":0},{"SacredBark":0,"Gambling Chip":27,"Burning Blood":0}]},"card_choices":[{"not_picked":["True Grit","Flex"],"picked":"Perfected Strike","floor":1.0},{"not_picked":["Bloodletting","Clash"],"picked":"Pommel Strike","floor":2.0},{"not_picked":["Headbutt","Shrug It Off"],"picked":"Dark Embrace","floor":3.0},{"not_picked":["Wild Strike","Reckless Charge"],"picked":"Warcry","floor":4.0},{"not_picked":["True Grit","Iron Wave"],"picked":"Pommel Strike","floor":5.0},{"not_picked":["Pummel","Twin Strike"],"picked":"Feel No Pain","floor":7.0}],"player_experience":167298,"relics_obtained":[{"floor":7.0,"key":"Gambling Chip"}],"event_choices":[],"is_beta":false,"boss_relics":[],"items_purged_floors":[],"is_endless":false,"potions_floor_spawned":[2,3,5],"killed_by":"3 Louse","ascension_level":20,"potion_discard_per_floor":[[],[],[],[],[],[],[],[]]}