{"neow_bonuses_skipped_log":["ONE_RANDOM_RARE_CARD","RANDOM_COLORLESS_2","BOSS_RELIC"],"neow_costs_skipped_log":["NONE","NO_GOLD","NONE"],"potions_obtained_entropic_brew":[[],[],[],[],[],[],[],[],[],[],[],[],[],[],[],[],[],[],[],[],[],[],[],[],[],[],[],[],[],[],[],[],[]],"gold_per_floor":[109,34,9,29,46,78,78,93,162,192,192,203,59,76,76,150,150,164,184,184,200,83,83,118,118,118,143,143,158,1,34,34,34],"floor_reached":33,"playtime":1804,"items_purged":["Strike_R"],"score":590,"play_id":"ae032dae-f8d0-4d0d-b133-9f2bca7cd684","local_time":"20240611143426","score_breakdown":["Floors Climbed (33): 165","Enemies Slain (10): 20","Exordium Elites Killed (2): 20","City Elites Killed (2): 40","Bosses Slain (1): 50","Ascension (20): 295"],"is_ascension_mode":true,"potions_obtained_alchemize":[[],[],[],[],[],[],[],[],[],[],[],[],[],[],[],[],[],[],[],[],[],[],[],[],[],[],[],[],[],[],[],[],[]],"campfire_choices":[{"data":"Sever Soul","floor":7,"key":"SMITH"},{"data":"Bash","floor":11,"key":"SMITH"},{"data":"Fire Breathing","floor":15,"key":"SMITH"},{"data":"Immolate","floor":23,"key":"SMITH"},{"data":"True Grit","floor":25,"key":"SMITH"},{"data":"Armaments","floor":32,"key":"SMITH"}],"lesson_learned_per_floor":[[],[],[],[],[],[],[],[],[],[],[],[],[],[],[],[],[],[],[],[],[],[],[],[],[],[],[],[],[],[],[],[],[]],"neow_cost":"NONE","improvable_cards":{},"seed_source_timestamp":69190650013417,"shop_contents":[{"floor":3,"relics":["Singing Bowl","Calipers","Cauldron"],"cards":["Pommel Strike","Sword Boomerang","Dual Wield","Combust","Purity","Mayhem"],"potions":["AttackPotion","BloodPotion","Weak Potion"]},{"floor":13,"relics":["Self Forming Clay","Toxic Egg 2","HandDrill"],"cards":["Uppercut","Headbutt","Havoc","PanicButton","HandOfGreed"],"potions":["GamblersBrew","DuplicationPotion","Fire Potion"]},{"floor":22,"relics":["Pen Nib","Lantern","Lee\u0027s Waffle"],"cards":["Bludgeon","Flex","Double Tap","Fire Breathing","Dramatic Entrance","Mayhem"],"potions":["Dexterity Potion","Block Potion","HeartOfIron"]},{"floor":30,"relics":["Oddly Smooth Stone","Paper Frog"],"cards":["Hemokinesis","Body Slam","Ghostly Armor","Dual Wield","Rupture","Flash of Steel","Mayhem"],"potions":["Swift Potion","Swift Potion","LiquidBronze"]}],"circlet_count":0,"master_deck":["AscendersBane","Strike_R","Strike_R","Strike_R","Strike_R","Defend_R","Defend_R","Defend_R","Bash+1","Ghostly Armor","Armaments+1","Sever Soul+1","Clash","Corruption","Shrug It Off","Sword Boomerang","Fire Breathing+1","Shrug It Off","Anger","Immolate+1","Feel No Pain","True Grit+1","Disarm","Dropkick","Rage","Shockwave","Juggernaut","Worship"],"potion_use_per_floor":[[],[],[],[],[],["Swift Potion","SteroidPotion"],[],[],[],[],[],[],[],[],[],[],[],[],[],[],["SteroidPotion"],[],[],["Strength Potion","DuplicationPotion"],[],[],[],[],[],[],["Fire Potion"],[],[]],"relics":["Burning Blood","NeowsBlessing","Thread and Needle","Meat on the Bone","Omamori","Runic Pyramid","Eternal Feather","Vajra","Sundial","Red Mask","PrismaticShard","Smiling Mask"],"potions_floor_usage":[6,6,21,24,24,31],"damage_taken":[{"damage":0,"enemies":"2 Louse","floor":1,"turns":1},{"damage":0,"enemies":"Jaw Worm","floor":4,"turns":1},{"damage":0,"enemies":"Cultist","floor":5,"turns":1},{"damage":34,"enemies":"Gremlin Nob","floor":6,"turns":4},{"damage":5,"enemies":"Red Slaver","floor":8,"turns":3},{"damage":25,"enemies":"3 Sentries","floor":10,"turns":11},{"damage":14,"enemies":"Lots of Slimes","floor":12,"turns":5},{"damage":9,"enemies":"Large Slime","floor":14,"turns":4},{"damage":28,"enemies":"Slime Boss","floor":16,"turns":9},{"damage":15,"enemies":"Shell Parasite","floor":18,"turns":3},{"damage":0,"enemies":"Spheric Guardian","floor":19,"turns":4},{"damage":19,"enemies":"Snake Plant","floor":21,"turns":3},{"damage":17,"enemies":"Book of Stabbing","floor":24,"turns":7},{"damage":21,"enemies":"Masked Bandits","floor":27,"turns":4},{"damage":0,"enemies":"3 Cultists","floor":29,"turns":4},{"damage":24,"enemies":"Slavers","floor":31,"turns":4},{"damage":69,"enemies":"Automaton","floor":33,"turns":6}],"green_key_taken_log":6,"seed_played":"-2684339385763344887","neow_bonus_log":{"cardsObtained":[],"cardsUpgraded":[],"cardsRemoved":[],"cardsTransformed":[],"relicsObtained":["NeowsBlessing"],"maxHpGained":0,"goldGained":0,"damageTaken":0,"goldLost":0,"maxHpLost":0},"potions_obtained":[{"floor":4,"key":"SteroidPotion"},{"floor":5,"key":"Swift Potion"},{"floor":10,"key":"SteroidPotion"},{"floor":12,"key":"Strength Potion"},{"floor":21,"key":"DuplicationPotion"},{"floor":24,"key":"Swift Potion"},{"floor":29,"key":"Fire Potion"}],"is_trial":false,"path_per_floor":["M","?","$","M","M","E","R","M","T","E","R","M","$","M","R","B",null,"M","M","?","M","$","R","E","R","T","?","?","M","$","E","R","B"],"character_chosen":"IRONCLAD","basemod:card_modifiers":[null,null,null,null,null,null,null,null,null,null,null,null,null,null,null,null,null,null,null,null,null,null,null,null,null,null,null,null],"items_purchased":["Armaments","Fire Breathing","Shrug It Off","Dropkick","PrismaticShard"],"campfire_rested":0,"item_purchase_floors":[3,13,13,22,30],"current_hp_per_floor":[74,74,74,75,75,47,47,48,48,41,41,45,45,54,54,44,67,58,64,64,51,51,63,52,67,67,52,52,58,58,52,67,0],"gold":34,"neow_bonus":"THREE_ENEMY_KILL","is_prod":false,"is_daily":false,"rewards_skipped":[{"floor":16,"relics":[],"potions":["SteroidPotion"]}],"chose_seed":false,"campfire_upgraded":6,"win_rate":0,"floor_exit_playtime":[113,131,160,169,180,239,257,302,312,463,473,613,642,693,713,858,903,959,1036,1043,1110,1156,1163,1308,1326,1331,1404,1457,1546,1573,1658,1670],"timestamp":1718141666,"path_taken":["M","?","$","M","?","E","R","M","T","E","R","?","$","M","R","BOSS","M","M","?","M","$","R","E","R","T","?","?","M","?","E","R","BOSS"],"build_version":"2022-12-01","purchased_purges":1,"victory":false,"max_hp_per_floor":[75,75,75,75,75,75,75,75,75,75,75,75,75,75,75,75,75,75,75,75,75,75,75,75,75,75,75,75,75,75,75,75,75],"relic_stats":{"counters":[17,74],"Sundial":[0],"Eternal Feather":42,"Omamori":1,"Smiling Mask":0,"obtain_stats":[{"NeowsBlessing":0,"Sundial":26,"Vajra":24,"Thread and Needle":6,"Eternal Feather":20,"Omamori":10,"Red Mask":27,"PrismaticShard":30,"Smiling Mask":31,"Burning Blood":0,"Meat on the Bone":9,"Runic Pyramid":17},{"NeowsBlessing":0,"Sundial":13,"Vajra":13,"Thread and Needle":4,"Eternal Feather":11,"Omamori":6,"Red Mask":14,"PrismaticShard":15,"Smiling Mask":16,"Burning Blood":0,"Meat on the Bone":5,"Runic Pyramid":9},{"NeowsBlessing":0,"Sundial":56,"Vajra":56,"Thread and Needle":7,"Eternal Feather":46,"Omamori":21,"Red Mask":60,"PrismaticShard":64,"Smiling Mask":68,"Burning Blood":0,"Meat on the Bone":10,"Runic Pyramid":39}],"Burning Blood":85,"Meat on the Bone":60},"card_choices":[{"not_picked":["Dropkick","Havoc"],"picked":"Ghostly Armor","floor":1},{"not_picked":["Flex","Sentinel"],"picked":"Sever Soul","floor":4},{"not_picked":["Pommel Strike","Infernal Blade"],"picked":"Clash","floor":5},{"not_picked":["Pommel Strike","Dual Wield"],"picked":"Corruption","floor":6},{"not_picked":["Sword Boomerang","Thunderclap","Armaments"],"picked":"SKIP","floor":8},{"not_picked":["Combust","Entrench"],"picked":"Shrug It Off","floor":10},{"not_picked":["Rampage","Clash"],"picked":"Sword Boomerang","floor":12},{"not_picked":["Rage","Rampage"],"picked":"Anger","floor":14},{"not_picked":["Barricade","Impervious"],"picked":"Immolate","floor":16},{"not_picked":["Rampage","Shrug It Off"],"picked":"Feel No Pain","floor":18},{"not_picked":["Ghostly Armor","Clash"],"picked":"True Grit","floor":19},{"not_picked":["Carnage","Anger"],"picked":"Disarm","floor":21},{"not_picked":["Ghostly Armor","Anger"],"picked":"Rage","floor":24},{"not_picked":["Burning Pact","Sword Boomerang"],"picked":"Shockwave","floor":27},{"not_picked":["Carnage","Sentinel"],"picked":"Juggernaut","floor":29},{"not_picked":["Evaluate+1","Weave"],"picked":"Worship","floor":31}],"player_experience":168619,"relics_obtained":[{"floor":6,"key":"Thread and Needle"},{"floor":9,"key":"Meat on the Bone"},{"floor":10,"key":"Omamori"},{"floor":24,"key":"Vajra"},{"floor":26,"key":"Sundial"},{"floor":27,"key":"Red Mask"},{"floor":31,"key":"Smiling Mask"}],"event_choices":[{"cards_removed":["Defend_R"],"damage_healed":0,"gold_gain":0,"player_choice":"Card Removal","damage_taken":0,"max_hp_gain":0,"max_hp_loss":0,"event_name":"The Cleric","floor":2,"gold_loss":75},{"damage_healed":0,"gold_gain":0,"player_choice":"Opened","damage_taken":0,"relics_obtained":["Eternal Feather"],"max_hp_gain":0,"max_hp_loss":0,"event_name":"The Mausoleum","floor":20,"gold_loss":0,"cards_obtained":["Writhe"]},{"damage_healed":0,"gold_gain":0,"player_choice":"Fought Bandits","damage_taken":0,"max_hp_gain":0,"max_hp_loss":0,"event_name":"Masked Bandits","floor":27,"gold_loss":0},{"damage_healed":0,"gold_gain":0,"player_choice":"Ignored","damage_taken":0,"max_hp_gain":0,"max_hp_loss":0,"event_name":"Ghosts","floor":28,"gold_loss":0}],"is_beta":false,"boss_relics":[{"not_picked":["Fusion Hammer","Black Blood"],"picked":"Runic Pyramid"}],"items_purged_floors":[22],"is_endless":false,"potions_floor_spawned":[4,5,10,12,16,21,24,29],"killed_by":"Automaton","ascension_level":20,"potion_discard_per_floor":[[],[],[],[],[],[],[],[],[],[],[],[],[],[],[],[],[],[],[],[],[],[],[],[],[],[],[],[],[],[],[],[],[]]}