{"neow_bonuses_skipped_log":["TRANSFORM_CARD","HUNDRED_GOLD","BOSS_RELIC"],"neow_costs_skipped_log":["NONE","NONE","NONE"],"potions_obtained_entropic_brew":[[],[],[],[],[],[],[],[],[],[],[],[],[],[],[],[],[],[],[],[],[],[],[],[],[],[],[],[],[],[],[],[],[],[],[],[],[],[],[],[],[],[],[],[],[],[],[],[],[],[],[]],"gold_per_floor":[112,32,47,57,72,72,107,120,120,148,159,159,159,190,190,263,263,263,263,263,20,20,20,20,20,20,20,20,20,20,20,20,20,20,20,20,20,20,20,20,20,20,20,20,20,20,20,20,20,20,20],"floor_reached":51,"playtime":3743,"items_purged":["Strike_R"],"score":1784,"play_id":"50e994c0-d9b5-4fbc-897c-95e099b2d90d","local_time":"20240623214711","score_breakdown":["Floors Climbed (51): 255","Enemies Slain (16): 32","Exordium Elites Killed (3): 30","City Elites Killed (3): 60","Beyond Elites Killed (3): 90","Bosses Slain (3): 300","Stuffed: 50","Champion (3): 75","Overkill: 25","Ascension (20): 867"],"is_ascension_mode":true,"potions_obtained_alchemize":[[],[],[],[],[],[],[],[],[],[],[],[],[],[],[],[],[],[],[],[],[],[],[],[],[],[],[],[],[],[],[],[],[],[],[],[],[],[],[],[],[],[],[],[],[],[],[],[],[],[],[]],"campfire_choices":[{"data":"Inflame","floor":6.0,"key":"SMITH"},{"data":"Immolate","floor":13.0,"key":"SMITH"},{"data":"Fiend Fire","floor":15.0,"key":"SMITH"},{"floor":28.0,"key":"REST"},{"data":"Armaments","floor":32.0,"key":"SMITH"},{"data":"Dark Embrace","floor":41.0,"key":"SMITH"},{"data":"Juggernaut","floor":47.0,"key":"SMITH"},{"floor":49.0,"key":"RECALL"}],"lesson_learned_per_floor":[[],[],[],[],[],[],[],[],[],[],[],[],[],[],[],[],[],[],[],[],[],[],[],[],[],[],[],[],[],[],[],[],[],[],[],[],[],[],[],[],[],[],[],[],[],[],[],[],[],[],[]],"neow_cost":"TEN_PERCENT_HP_LOSS","improvable_cards":{},"seed_source_timestamp":0,"shop_contents":[{"floor":2,"relics":["Regal Pillow","Juzu Bracelet","Toolbox"],"cards":["Blood for Blood","Cleave","Warcry","Flex","Impatience","Chrysalis"],"potions":["Ancient Potion","Dexterity Potion","Block Potion"]},{"floor":21,"relics":["Paper Frog","Happy Flower"],"cards":["Clash","Blood for Blood","Armaments","Entrench","Fire Breathing","Good Instincts","The Bomb"],"potions":["DistilledChaos","SkillPotion","AttackPotion"]},{"floor":31,"relics":["Orichalcum","MealTicket","Lee\u0027s Waffle"],"cards":["Body Slam","Thunderclap","Power Through","Shockwave","Demon Form","Purity","Mayhem"],"potions":["ColorlessPotion","AttackPotion","SkillPotion"]}],"circlet_count":0,"master_deck":["AscendersBane","Strike_R","Strike_R","Strike_R","Defend_R","Defend_R","Defend_R","Bash","Fiend Fire+1","Hemokinesis","Inflame+1","Heavy Blade","Twin Strike","Anger","Battle Trance","Shrug It Off","Immolate+1","Feed","Seeing Red","Iron Wave+1","Shrug It Off","Spot Weakness","Armaments+1","Feel No Pain","Juggernaut+1","Dark Embrace+1","True Grit+1","Feel No Pain","Reaper","Disarm","Offering","Dark Embrace+1"],"special_seed":0,"potion_use_per_floor":[[],[],[],[],["DistilledChaos"],[],[],["Strength Potion"],[],["SteroidPotion"],[],[],[],["Explosive Potion"],[],["FearPotion"],[],["DuplicationPotion"],[],[],[],["DistilledChaos"],["Swift Potion"],["EssenceOfSteel"],["SteroidPotion","AttackPotion"],[],[],["Fruit Juice"],[],["SpeedPotion"],[],[],["SteroidPotion","SneckoOil"],[],["SkillPotion"],[],["ColorlessPotion"],["Regen Potion"],[],["DistilledChaos"],[],[],[],["Strength Potion","Swift Potion"],[],["ElixirPotion"],[],["FearPotion"],[],["Strength Potion","Energy Potion"],[]],"relics":["Burning Blood","White Beast Statue","PreservedInsect","Strawberry","Dream Catcher","Ectoplasm","OrangePellets","Red Mask","Mummified Hand","Blood Vial","Pear","Runic Cube","Bottled Tornado","Akabeko","Bronze Scales","Eternal Feather","CeramicFish"],"potions_floor_usage":[50,50],"damage_taken":[{"damage":4.0,"enemies":"2 Louse","floor":1.0,"turns":2.0},{"damage":4.0,"enemies":"Jaw Worm","floor":3.0,"turns":3.0},{"damage":8.0,"enemies":"Small Slimes","floor":4.0,"turns":4.0},{"damage":2.0,"enemies":"2 Fungi Beasts","floor":5.0,"turns":2.0},{"damage":32.0,"enemies":"3 Sentries","floor":7.0,"turns":7.0},{"damage":35.0,"enemies":"Exordium Thugs","floor":8.0,"turns":4.0},{"damage":0.0,"enemies":"Lagavulin","floor":10.0,"turns":3.0},{"damage":1.0,"enemies":"3 Louse","floor":11.0,"turns":2.0},{"damage":0.0,"enemies":"3 Sentries","floor":14.0,"turns":1.0},{"damage":24.0,"enemies":"Slime Boss","floor":16.0,"turns":6.0},{"damage":24.0,"enemies":"3 Byrds","floor":18.0,"turns":5.0},{"damage":2.0,"enemies":"Masked Bandits","floor":22.0,"turns":2.0},{"damage":10.0,"enemies":"Slavers","floor":23.0,"turns":3.0},{"damage":21.0,"enemies":"Chosen","floor":24.0,"turns":6.0},{"damage":10.0,"enemies":"Book of Stabbing","floor":25.0,"turns":2.0},{"damage":24.0,"enemies":"Shelled Parasite and Fungi","floor":27.0,"turns":4.0},{"damage":6.0,"enemies":"Cultist and Chosen","floor":29.0,"turns":3.0},{"damage":34.0,"enemies":"Slavers","floor":30.0,"turns":7.0},{"damage":32.0,"enemies":"Automaton","floor":33.0,"turns":8.0},{"damage":9.0,"enemies":"Orb Walker","floor":35.0,"turns":4.0},{"damage":13.0,"enemies":"3 Darklings","floor":37.0,"turns":4.0},{"damage":6.0,"enemies":"Sphere and 2 Shapes","floor":38.0,"turns":4.0},{"damage":12.0,"enemies":"Reptomancer","floor":40.0,"turns":4.0},{"damage":20.0,"enemies":"Maw","floor":42.0,"turns":7.0},{"damage":43.0,"enemies":"Giant Head","floor":44.0,"turns":6.0},{"damage":0.0,"enemies":"4 Shapes","floor":45.0,"turns":3.0},{"damage":14.0,"enemies":"Writhing Mass","floor":46.0,"turns":7.0},{"damage":6.0,"enemies":"Reptomancer","floor":48.0,"turns":2.0},{"damage":136,"enemies":"Awakened One","floor":50,"turns":15},{"damage":19,"enemies":"Donu and Deca","floor":51,"turns":1}],"green_key_taken_log":23,"seed_played":"-6065664997708710390","neow_bonus_log":{"cardsObtained":[],"cardsUpgraded":[],"cardsRemoved":[],"cardsTransformed":[],"relicsObtained":[],"maxHpGained":0,"goldGained":0,"damageTaken":0,"goldLost":0,"maxHpLost":7},"potions_obtained":[{"floor":3.0,"key":"Strength Potion"},{"floor":4.0,"key":"DistilledChaos"},{"floor":8.0,"key":"SteroidPotion"},{"floor":10.0,"key":"SteroidPotion"},{"floor":11.0,"key":"Explosive Potion"},{"floor":14.0,"key":"FearPotion"},{"floor":16.0,"key":"DuplicationPotion"},{"floor":18.0,"key":"DistilledChaos"},{"floor":22.0,"key":"Swift Potion"},{"floor":23.0,"key":"EssenceOfSteel"},{"floor":24.0,"key":"AttackPotion"},{"floor":25.0,"key":"SteroidPotion"},{"floor":27.0,"key":"Fruit Juice"},{"floor":29.0,"key":"SpeedPotion"},{"floor":30.0,"key":"SneckoOil"},{"floor":33.0,"key":"SkillPotion"},{"floor":35.0,"key":"ColorlessPotion"},{"floor":37.0,"key":"Regen Potion"},{"floor":38.0,"key":"DistilledChaos"},{"floor":40.0,"key":"Swift Potion"},{"floor":42.0,"key":"Strength Potion"},{"floor":44.0,"key":"ElixirPotion"},{"floor":45.0,"key":"FearPotion"},{"floor":46.0,"key":"Energy Potion"},{"floor":48.0,"key":"Strength Potion"}],"is_trial":false,"path_per_floor":["M","$","M","M","M","R","E","M","T","E","M","?","R","E","R","B",null,"M","?","?","$","?","E","M","E","T","M","R","M","E","$","R","B",null,"M","T","M","M","?","E","R","M","T","E","M","M","R","E","R","B","B"],"character_chosen":"IRONCLAD","basemod:card_modifiers":[null,null,null,null,null,null,null,null,null,null,null,null,null,null,null,null,null,null,null,null,null,null,null,null,null,null,null,null,null,null,null,null],"items_purchased":["Inflame","OrangePellets"],"campfire_rested":1,"item_purchase_floors":[2,21],"current_hp_per_floor":[68,68,68,66,68,68,42,13,13,26,31,56,56,62,62,44,67,52,52,52,52,59,58,46,42,42,26,58,63,50,50,50,29,91,90,90,89,107,107,115,115,109,109,83,94,102,120,122,129,9,0],"gold":20,"neow_bonus":"THREE_RARE_CARDS","is_prod":false,"is_daily":false,"rewards_skipped":[],"chose_seed":false,"campfire_upgraded":6,"win_rate":0,"floor_exit_playtime":[73,101,131,170,220,231,319,405,409,440,477,489,495,515,526,610,685,891,909,912,934,1019,1140,1248,1310,1328,1442,1479,1552,1658,1664,1675,1928,2035,2122,2136,2275,2383,2400,2537,2548,2682,2685,2892,2959,3143,3161,3234,3239,3721],"timestamp":1719193631,"blue_key_relic_skipped_log":{"floor":26,"relicID":"Blue Candle"},"path_taken":["M","$","M","M","M","R","E","M","T","E","M","?","R","E","R","BOSS","M","?","?","$","?","E","?","E","T","M","R","M","E","?","R","BOSS","M","?","M","M","?","E","R","?","T","E","M","M","R","E","R","BOSS","BOSS"],"build_version":"2022-12-01","purchased_purges":1,"victory":false,"max_hp_per_floor":[68,68,68,68,68,68,68,68,68,75,75,75,75,75,75,75,75,78,78,78,78,81,84,87,87,87,87,92,95,108,108,108,111,111,111,111,115,119,119,119,119,123,123,123,126,129,129,129,129,132,132],"relic_stats":{"counters":[30,131],"CeramicFish":0,"Eternal Feather":25,"PreservedInsect":440,"Bottled Tornado":"Dark Embrace","Burning Blood":168,"White Beast Statue":[0.0,0.023354880000000015,0.0,0.25910118400000015,0.0,0.49384089600000036,0.0,0.20870400000000014,0.0,0.014999040000000009,0.0,10.634217728000001],"Blood Vial":28,"OrangePellets":[21],"Dream Catcher":1,"Mummified Hand":[61],"Bronze Scales":[110],"Ectoplasm":471,"obtain_stats":[{"Pear":30,"CeramicFish":48,"Eternal Feather":44,"PreservedInsect":9,"Bottled Tornado":36,"Burning Blood":0,"White Beast Statue":7,"Akabeko":40,"Blood Vial":25,"OrangePellets":21,"Dream Catcher":14,"Mummified Hand":23,"Strawberry":10,"Bronze Scales":43,"Ectoplasm":17,"Red Mask":22,"Runic Cube":34},{"Pear":18,"CeramicFish":28,"Eternal Feather":25,"PreservedInsect":6,"Bottled Tornado":20,"Burning Blood":0,"White Beast Statue":5,"Akabeko":23,"Blood Vial":15,"OrangePellets":11,"Dream Catcher":9,"Mummified Hand":13,"Strawberry":7,"Bronze Scales":24,"Ectoplasm":10,"Red Mask":12,"Runic Cube":19},{"Pear":66,"CeramicFish":115,"Eternal Feather":103,"PreservedInsect":22,"Bottled Tornado":78,"Burning Blood":0,"White Beast Statue":18,"Akabeko":90,"Blood Vial":52,"OrangePellets":39,"Dream Catcher":28,"Mummified Hand":44,"Strawberry":25,"Bronze Scales":97,"Ectoplasm":34,"Red Mask":41,"Runic Cube":74}],"Runic Cube":[40]},"card_choices":[{"not_picked":["Brutality","Exhume"],"picked":"Fiend Fire","floor":0.0},{"not_picked":["Flame Barrier","Power Through"],"picked":"Hemokinesis","floor":1.0},{"not_picked":["Perfected Strike","Clothesline"],"picked":"Heavy Blade","floor":3.0},{"not_picked":["Havoc","Seeing Red"],"picked":"Twin Strike","floor":4.0},{"not_picked":["Havoc","Shrug It Off"],"picked":"Anger","floor":5.0},{"not_picked":["Corruption","Disarm"],"picked":"Battle Trance","floor":7.0},{"not_picked":["Iron Wave","Body Slam"],"picked":"Shrug It Off","floor":8.0},{"not_picked":["Feel No Pain","Shrug It Off"],"picked":"Immolate","floor":10.0},{"not_picked":["Seeing Red","Sentinel","Warcry"],"picked":"SKIP","floor":11.0},{"not_picked":["Heavy Blade","Armaments","Reckless Charge"],"picked":"SKIP","floor":14.0},{"not_picked":["Exhume","Juggernaut"],"picked":"Feed","floor":16.0},{"not_picked":["Fire Breathing","Heavy Blade"],"picked":"Seeing Red","floor":18.0},{"not_picked":["Iron Wave","Warcry","Havoc"],"picked":"SKIP","floor":22.0},{"not_picked":["Havoc","Shrug It Off"],"picked":"Iron Wave+1","floor":23.0},{"not_picked":["Twin Strike","Clash"],"picked":"Shrug It Off","floor":24.0},{"not_picked":["Shrug It Off","Dropkick","Hemokinesis"],"picked":"SKIP","floor":25.0},{"not_picked":["Combust","Warcry"],"picked":"Spot Weakness","floor":27.0},{"not_picked":["Wild Strike","Blood for Blood"],"picked":"Armaments","floor":28.0},{"not_picked":["Dropkick","Combust","Ghostly Armor+1"],"picked":"SKIP","floor":29.0},{"not_picked":["Rupture","Intimidate"],"picked":"Feel No Pain","floor":30.0},{"not_picked":["Corruption","Berserk"],"picked":"Juggernaut","floor":33.0},{"not_picked":["Perfected Strike","Thunderclap"],"picked":"Dark Embrace","floor":35.0},{"not_picked":["Shockwave","Body Slam"],"picked":"True Grit+1","floor":37.0},{"not_picked":["Seeing Red","Headbutt"],"picked":"Feel No Pain","floor":38.0},{"not_picked":["Infernal Blade+1","Dual Wield","Wild Strike"],"picked":"SKIP","floor":40.0},{"not_picked":["Dropkick","Clash","Spot Weakness"],"picked":"SKIP","floor":42.0},{"not_picked":["Clothesline","Shrug It Off"],"picked":"Disarm","floor":44.0},{"not_picked":["Whirlwind","Sever Soul"],"picked":"Offering","floor":45.0},{"not_picked":["Combust","Dropkick","Clothesline"],"picked":"SKIP","floor":46.0},{"not_picked":["Thunderclap+1","Pommel Strike+1"],"picked":"Dark Embrace+1","floor":48.0}],"player_experience":200521,"relics_obtained":[{"floor":7.0,"key":"White Beast Statue"},{"floor":9.0,"key":"PreservedInsect"},{"floor":10.0,"key":"Strawberry"},{"floor":14.0,"key":"Dream Catcher"},{"floor":22.0,"key":"Red Mask"},{"floor":23.0,"key":"Mummified Hand"},{"floor":25.0,"key":"Blood Vial"},{"floor":30.0,"key":"Pear"},{"floor":36.0,"key":"Bottled Tornado"},{"floor":40.0,"key":"Akabeko"},{"floor":43.0,"key":"Bronze Scales"},{"floor":44.0,"key":"Eternal Feather"},{"floor":48.0,"key":"CeramicFish"}],"event_choices":[{"damage_healed":25.0,"max_hp_gain":0.0,"max_hp_loss":0.0,"gold_gain":0.0,"event_name":"Big Fish","player_choice":"Banana","floor":12.0,"gold_loss":0.0,"damage_taken":0.0},{"cards_removed":["Strike_R"],"damage_healed":0.0,"max_hp_gain":0.0,"max_hp_loss":0.0,"gold_gain":0.0,"event_name":"Back to Basics","player_choice":"Elegance","floor":19.0,"gold_loss":0.0,"damage_taken":0.0},{"damage_healed":0.0,"max_hp_gain":0.0,"max_hp_loss":0.0,"gold_gain":0.0,"event_name":"The Mausoleum","player_choice":"Ignored","floor":20.0,"gold_loss":0.0,"damage_taken":0.0},{"damage_healed":0.0,"max_hp_gain":0.0,"max_hp_loss":0.0,"gold_gain":0.0,"event_name":"Masked Bandits","player_choice":"Fought Bandits","floor":22.0,"gold_loss":0.0,"damage_taken":0.0},{"damage_healed":0.0,"max_hp_gain":0.0,"max_hp_loss":0.0,"gold_gain":0.0,"cards_transformed":["Defend_R"],"event_name":"Transmorgrifier","player_choice":"Transformed","floor":39.0,"gold_loss":0.0,"damage_taken":0.0,"cards_obtained":["Reaper"]}],"is_beta":false,"boss_relics":[{"not_picked":["Empty Cage","Mark of Pain"],"picked":"Ectoplasm"},{"not_picked":["Black Blood","Runic Dome"],"picked":"Runic Cube"}],"items_purged_floors":[21],"is_endless":false,"potions_floor_spawned":[3,4,8,10,11,14,16,18,22,23,24,25,27,29,30,33,35,37,38,40,42,44,45,46,48],"killed_by":"Donu and Deca","ascension_level":20,"potion_discard_per_floor":[[],[],[],[],[],[],[],[],[],[],[],[],[],[],[],[],[],[],[],[],[],[],[],[],[],[],[],[],[],[],[],[],[],[],[],[],[],[],[],[],[],[],[],[],[],[],[],[],[],[],[]]}