{"neow_bonuses_skipped_log":["THREE_CARDS","THREE_ENEMY_KILL","TRANSFORM_TWO_CARDS"],"potions_obtained_entropic_brew":[[],[],[],[],[],[],[],[],[],[],[],[],[],[],[],[],[],[],[],[],[],[],[],[],[],[],[],[],[],[],[],[],[]],"neow_costs_skipped_log":["NONE","NONE","CURSE"],"gold_per_floor":[112,123,139,153,133,133,148,148,148,148,177,188,202,202,202,274,274,290,290,306,318,338,338,103,135,203,35,54,54,102,117,117,117],"floor_reached":33,"playtime":1642,"items_purged":["Strike_R+1"],"score":592,"play_id":"019318f9-a820-408b-b94a-b464bdd9f5c6","local_time":"20240622160240","score_breakdown":["Floors Climbed (33): 165","Enemies Slain (13): 26","Exordium Elites Killed (1): 10","City Elites Killed (1): 20","Bosses Slain (1): 50","Champion (1): 25","Ascension (20): 296"],"is_ascension_mode":true,"potions_obtained_alchemize":[[],[],[],[],[],[],[],[],[],[],[],[],[],[],[],[],[],[],[],[],[],[],[],[],[],[],[],[],[],[],[],[],[]],"campfire_choices":[{"data":"Searing Blow","floor":6.0,"key":"SMITH"},{"data":"Searing Blow+1","floor":8.0,"key":"SMITH"},{"data":"Searing Blow+2","floor":10.0,"key":"SMITH"},{"data":"Uppercut","floor":15.0,"key":"SMITH"},{"data":"Immolate","floor":23,"key":"SMITH"},{"data":"True Grit","floor":29,"key":"SMITH"},{"data":"Pommel Strike","floor":32,"key":"SMITH"}],"lesson_learned_per_floor":[[],[],[],[],[],[],[],[],[],[],[],[],[],[],[],[],[],[],[],[],[],[],[],[],[],[],[],[],[],[],[],[],[]],"neow_cost":"NONE","improvable_cards":{},"seed_source_timestamp":997948412583,"shop_contents":[{"floor":24,"relics":["Paper Frog","Ancient Tea Set"],"cards":["Thunderclap","Blood for Blood","Shrug It Off","Flex","Metallicize","Good Instincts","The Bomb"],"potions":["EssenceOfSteel","SmokeBomb","Fire Potion"]},{"floor":27,"relics":["Pear","Bottled Lightning"],"cards":["Perfected Strike","Searing Blow","Bloodletting","Offering","Combust","Jack Of All Trades","Panache"],"potions":["Weak Potion","BlessingOfTheForge","Weak Potion"]}],"circlet_count":0,"master_deck":["AscendersBane","Strike_R+1","Strike_R+1","Strike_R+1","Strike_R+1","Defend_R+1","Defend_R+1","Defend_R+1","Bash","Searing Blow+3","Pommel Strike+1","Cleave","Ghostly Armor","Uppercut+1","Anger","Disarm","Immolate+1","Offering","Whirlwind+1","Rampage","True Grit+1","Second Wind","Battle Trance","Shockwave+1"],"special_seed":0,"potion_use_per_floor":[[],[],[],[],[],[],[],[],[],[],["BlessingOfTheForge"],[],[],[],[],[],[],["LiquidMemories"],[],[],[],[],[],[],["DuplicationPotion"],[],[],[],[],["DistilledChaos"],["DistilledChaos"],[],["DuplicationPotion","Swift Potion"]],"relics":["Runic Pyramid","Ornamental Fan","Ginger","Runic Dome","Toolbox","Mummified Hand","Brimstone","Red Mask"],"potions_floor_usage":[18,25,30,31,33,33],"damage_taken":[{"damage":7.0,"enemies":"Cultist","floor":1.0,"turns":4.0},{"damage":2.0,"enemies":"Jaw Worm","floor":2.0,"turns":5.0},{"damage":0.0,"enemies":"Small Slimes","floor":3.0,"turns":4.0},{"damage":7.0,"enemies":"Looter","floor":4.0,"turns":5.0},{"damage":8.0,"enemies":"Red Slaver","floor":7.0,"turns":3.0},{"damage":22.0,"enemies":"Lagavulin","floor":11.0,"turns":7.0},{"damage":4.0,"enemies":"3 Louse","floor":12.0,"turns":4.0},{"damage":1.0,"enemies":"Looter","floor":13.0,"turns":2.0},{"damage":6.0,"enemies":"Hexaghost","floor":16.0,"turns":9.0},{"damage":2,"enemies":"3 Byrds","floor":18,"turns":3},{"damage":6,"enemies":"Chosen","floor":20,"turns":3},{"damage":6,"enemies":"Sentry and Sphere","floor":21,"turns":3},{"damage":8,"enemies":"3 Cultists","floor":22,"turns":4},{"damage":6,"enemies":"Slavers","floor":25,"turns":1},{"damage":4,"enemies":"Snecko","floor":28,"turns":3},{"damage":0,"enemies":"Masked Bandits","floor":30,"turns":2},{"damage":0,"enemies":"Snake Plant","floor":31,"turns":1},{"damage":31,"enemies":"Champ","floor":33,"turns":5}],"green_key_taken_log":11,"seed_played":"-8647934819851348176","neow_bonus_log":{"cardsObtained":[],"cardsUpgraded":[],"cardsRemoved":[],"cardsTransformed":[],"relicsObtained":["Runic Pyramid"],"maxHpGained":0,"goldGained":0,"damageTaken":0,"goldLost":0,"maxHpLost":0},"potions_obtained":[{"floor":2.0,"key":"Swift Potion"},{"floor":4.0,"key":"BlessingOfTheForge"},{"floor":16.0,"key":"LiquidMemories"},{"floor":22,"key":"DuplicationPotion"},{"floor":25,"key":"DistilledChaos"},{"floor":30,"key":"DistilledChaos"},{"floor":31,"key":"DuplicationPotion"}],"is_trial":false,"path_per_floor":["M","M","M","M","?","R","M","R","T","R","E","M","M","?","R","B",null,"M","?","M","M","M","R","$","E","T","$","M","R","?","M","R","B"],"character_chosen":"IRONCLAD","basemod:card_modifiers":[null,null,null,null,null,null,null,null,null,null,null,null,null,null,null,null,null,null,null,null,null,null,null,null],"items_purchased":["Toolbox","Brimstone"],"campfire_rested":0,"item_purchase_floors":[24,27],"current_hp_per_floor":[61,59,59,52,52,52,44,44,44,44,22,18,17,17,17,11,59,57,57,51,45,37,37,37,31,31,31,27,27,27,27,27,0],"gold":117,"neow_bonus":"BOSS_RELIC","is_prod":false,"is_daily":false,"rewards_skipped":[{"floor":5,"relics":[],"potions":["Swift Potion"]}],"chose_seed":false,"campfire_upgraded":7,"win_rate":0,"floor_exit_playtime":[113,155,215,260,266,274,303,311,316,323,404,456,480,496,558,665,793,868,897,961,1020,1090,1121,1165,1226,1230,1265,1315,1334,1404,1439,1490],"timestamp":1719086560,"blue_key_relic_skipped_log":{"floor":26,"relicID":"Blue Candle"},"path_taken":["M","M","M","M","?","R","?","R","T","R","E","?","?","?","R","BOSS","M","?","M","M","M","R","$","E","T","$","M","R","?","M","R","BOSS"],"build_version":"2022-12-01","purchased_purges":1,"victory":false,"max_hp_per_floor":[75,75,75,75,75,75,75,75,75,75,75,75,75,75,75,75,75,75,75,75,75,75,75,75,75,75,75,75,75,75,75,75,75],"relic_stats":{"counters":[18,68],"Ornamental Fan":[80],"Mummified Hand":[2],"Ginger":[4],"obtain_stats":[{"Runic Dome":17,"Ornamental Fan":9,"Mummified Hand":25,"Brimstone":27,"Toolbox":24,"Red Mask":30,"Ginger":11,"Burning Blood":0,"Runic Pyramid":0},{"Runic Dome":9,"Ornamental Fan":5,"Mummified Hand":14,"Brimstone":14,"Toolbox":13,"Red Mask":16,"Ginger":6,"Burning Blood":0,"Runic Pyramid":0},{"Runic Dome":43,"Ornamental Fan":21,"Mummified Hand":57,"Brimstone":57,"Toolbox":56,"Red Mask":62,"Ginger":28,"Burning Blood":0,"Runic Pyramid":0}]},"card_choices":[{"not_picked":["Shrug It Off","Whirlwind"],"picked":"Searing Blow","floor":1.0},{"not_picked":["Warcry","Sentinel"],"picked":"Pommel Strike","floor":2.0},{"not_picked":["Hemokinesis","Perfected Strike","Searing Blow"],"picked":"SKIP","floor":3.0},{"not_picked":["Seeing Red","Infernal Blade"],"picked":"Cleave","floor":4.0},{"not_picked":["Havoc","Cleave"],"picked":"Ghostly Armor","floor":7.0},{"not_picked":["Wild Strike","Limit Break"],"picked":"Uppercut","floor":11.0},{"not_picked":["Twin Strike","Thunderclap"],"picked":"Anger","floor":12.0},{"not_picked":["Clothesline","Flex"],"picked":"Disarm","floor":13.0},{"not_picked":["Corruption","Immolate"],"picked":"Offering","floor":16.0},{"not_picked":["Clothesline","Heavy Blade","Fire Breathing"],"picked":"SKIP","floor":18},{"not_picked":["Headbutt","Berserk"],"picked":"Whirlwind+1","floor":20},{"not_picked":["Warcry","Wild Strike"],"picked":"Rampage","floor":21},{"not_picked":["Ghostly Armor","Body Slam"],"picked":"True Grit","floor":22},{"not_picked":["Body Slam+1","Searing Blow"],"picked":"Second Wind","floor":25},{"not_picked":["Anger","Blood for Blood"],"picked":"Battle Trance","floor":28},{"not_picked":["Thunderclap","Anger"],"picked":"Shockwave+1","floor":30},{"not_picked":["Carnage","Perfected Strike","Anger"],"picked":"SKIP","floor":31}],"player_experience":198879,"relics_obtained":[{"floor":9.0,"key":"Ornamental Fan"},{"floor":11.0,"key":"Ginger"},{"floor":25,"key":"Mummified Hand"},{"floor":30,"key":"Red Mask"}],"event_choices":[{"damage_healed":0.0,"max_hp_gain":0.0,"max_hp_loss":0.0,"gold_gain":0.0,"event_name":"The Woman in Blue","player_choice":"Bought 1 Potion","floor":5.0,"gold_loss":0.0,"damage_taken":0.0},{"damage_healed":0.0,"max_hp_gain":0.0,"max_hp_loss":0.0,"gold_gain":0.0,"cards_transformed":["Defend_R"],"event_name":"Transmorgrifier","player_choice":"Transformed","floor":14.0,"gold_loss":0.0,"damage_taken":0.0,"cards_obtained":["Immolate"]},{"damage_healed":0,"gold_gain":0,"player_choice":"Simplicity","damage_taken":0,"max_hp_gain":0,"max_hp_loss":0,"event_name":"Back to Basics","floor":19,"gold_loss":0,"cards_upgraded":["Strike_R","Strike_R","Strike_R","Strike_R","Strike_R","Defend_R","Defend_R","Defend_R"]},{"damage_healed":0,"gold_gain":0,"player_choice":"Fought Bandits","damage_taken":0,"max_hp_gain":0,"max_hp_loss":0,"event_name":"Masked Bandits","floor":30,"gold_loss":0}],"is_beta":false,"boss_relics":[{"not_picked":["Astrolabe","Calling Bell"],"picked":"Runic Dome"}],"items_purged_floors":[24],"is_endless":false,"potions_floor_spawned":[2,4,16,22,25,30,31],"killed_by":"Champ","ascension_level":20,"potion_discard_per_floor":[[],[],[],[],[],[],[],[],[],[],[],[],[],[],[],[],[],[],[],[],[],[],[],[],[],[],[],[],[],[],[],[],[]]}