{"gold_per_floor":[110,126,142,142,155,155,155,172,196,224,224,251,251,265,265,340,340,353,353,64,76,93,93,113,146,218,218],"floor_reached":27,"playtime":2975,"items_purged":["Strike_G"],"score":490,"play_id":"649b1935-fbe1-436f-9fba-f129d3e7d254","local_time":"20230826124154","is_ascension_mode":true,"campfire_choices":[{"data":"Bouncing Flask","floor":6,"key":"SMITH"},{"floor":11,"key":"REST"},{"floor":15,"key":"REST"},{"floor":23,"key":"REST"}],"neow_cost":"NONE","seed_source_timestamp":166359927096916,"circlet_count":0,"master_deck":["AscendersBane","Strike_G","Strike_G","Strike_G","Defend_G","Defend_G","Defend_G","Survivor","Neutralize","Prepared","Bouncing Flask+1","Dagger Throw","Blade Dance","Terror","Bane","Backstab","Grand Finale","Backstab","Backflip"],"relics":["Empty Cage","Omamori","Blood Vial","Strawberry","Question Card","Runic Pyramid","Happy Flower","MealTicket","Sundial"],"potions_floor_usage":[3,10,16,21,22,25],"damage_taken":[{"damage":6,"enemies":"Cultist","floor":1,"turns":5},{"damage":1,"enemies":"2 Louse","floor":2,"turns":4},{"damage":6,"enemies":"Jaw Worm","floor":3,"turns":5},{"damage":12,"enemies":"Large Slime","floor":5,"turns":7},{"damage":24,"enemies":"Gremlin Gang","floor":8,"turns":5},{"damage":27,"enemies":"Gremlin Nob","floor":10,"turns":4},{"damage":25,"enemies":"Lagavulin","floor":12,"turns":6},{"damage":7,"enemies":"3 Louse","floor":14,"turns":2},{"damage":21,"enemies":"Hexaghost","floor":16,"turns":7},{"damage":27,"enemies":"Shell Parasite","floor":18,"turns":3},{"damage":7,"enemies":"2 Thieves","floor":21,"turns":3},{"damage":25,"enemies":"Cultist and Chosen","floor":22,"turns":4},{"damage":19,"enemies":"Centurion and Healer","floor":24,"turns":5},{"damage":2,"enemies":"Gremlin Leader","floor":25,"turns":5},{"damage":16,"enemies":"Snake Plant","floor":27,"turns":1}],"seed_played":"9170152369417358786","potions_obtained":[{"floor":1,"key":"DistilledChaos"},{"floor":3,"key":"Block Potion"},{"floor":14,"key":"Strength Potion"},{"floor":18,"key":"Fire Potion"},{"floor":21,"key":"Energy Potion"},{"floor":24,"key":"Fruit Juice"}],"is_trial":false,"path_per_floor":["M","M","M","?","M","R","?","M","T","E","R","E","T","M","R","B",null,"M","?","$","M","M","R","M","E","T","M"],"character_chosen":"THE_SILENT","basemod:card_modifiers":[null,null,null,null,null,null,null,null,null,null,null,null,null,null,null,null,null,null,null],"items_purchased":["Happy Flower","Backflip"],"campfire_rested":3,"item_purchase_floors":[20,20],"current_hp_per_floor":[53,52,46,46,34,34,56,32,32,5,24,8,8,3,24,5,56,31,31,31,26,3,24,7,12,12,0],"gold":218,"neow_bonus":"BOSS_RELIC","is_prod":false,"is_daily":false,"chose_seed":false,"campfire_upgraded":1,"win_rate":0,"timestamp":1693068114,"path_taken":["M","M","M","?","M","R","?","M","T","E","R","E","?","M","R","BOSS","M","?","$","M","M","R","M","E","T","?"],"build_version":"2022-12-01","purchased_purges":1,"victory":false,"max_hp_per_floor":[66,66,66,66,66,66,66,66,66,66,66,73,73,73,73,73,73,73,73,73,73,73,73,73,78,78,78],"card_choices":[{"not_picked":["Accuracy","Outmaneuver"],"picked":"Prepared","floor":1},{"not_picked":["Dodge and Roll","Sucker Punch"],"picked":"Bouncing Flask","floor":2},{"not_picked":["Deadly Poison","Slice"],"picked":"Dagger Throw","floor":3},{"not_picked":["Dodge and Roll","Leg Sweep","PiercingWail"],"picked":"SKIP","floor":5},{"not_picked":["Footwork","Calculated Gamble"],"picked":"Terror","floor":8},{"not_picked":["Slice","Backflip"],"picked":"Bane","floor":10},{"not_picked":["Underhanded Strike","Reflex"],"picked":"Backstab","floor":12},{"not_picked":["Flying Knee","A Thousand Cuts","Quick Slash","Deflect"],"picked":"SKIP","floor":14},{"not_picked":["Storm of Steel","A Thousand Cuts","Envenom"],"picked":"Grand Finale","floor":16},{"not_picked":["Eviscerate","Dagger Throw","Cloak And Dagger","Skewer"],"picked":"SKIP","floor":18},{"not_picked":["Poisoned Stab","Infinite Blades","Dodge and Roll","Sucker Punch"],"picked":"SKIP","floor":21},{"not_picked":["Accuracy","Cloak And Dagger+1","Backflip","Flying Knee"],"picked":"SKIP","floor":22},{"not_picked":["Blur","Backflip","Cloak And Dagger","Dagger Spray"],"picked":"SKIP","floor":24},{"not_picked":["Blur","Deadly Poison","Dodge and Roll","Prepared"],"picked":"SKIP","floor":25}],"player_experience":108162,"relics_obtained":[{"floor":9,"key":"Omamori"},{"floor":10,"key":"Blood Vial"},{"floor":12,"key":"Strawberry"},{"floor":13,"key":"Question Card"},{"floor":25,"key":"MealTicket"},{"floor":26,"key":"Sundial"}],"event_choices":[{"damage_healed":0,"gold_gain":0,"cards_transformed":["Strike_G"],"player_choice":"Change","damage_taken":0,"max_hp_gain":0,"max_hp_loss":0,"event_name":"Living Wall","floor":4,"gold_loss":0,"cards_obtained":["Blade Dance"]},{"damage_healed":22,"gold_gain":0,"player_choice":"Banana","damage_taken":0,"max_hp_gain":0,"max_hp_loss":0,"event_name":"Big Fish","floor":7,"gold_loss":0},{"damage_healed":0,"gold_gain":0,"player_choice":"Copied","damage_taken":0,"max_hp_gain":0,"max_hp_loss":0,"event_name":"Duplicator","floor":19,"gold_loss":0,"cards_obtained":["Backstab"]}],"is_beta":false,"boss_relics":[{"not_picked":["Calling Bell","Runic Dome"],"picked":"Runic Pyramid"}],"items_purged_floors":[20],"is_endless":false,"potions_floor_spawned":[1,3,14,18,21,24],"killed_by":"Snake Plant","ascension_level":20}