{"gold_per_floor":[115,190,190,209,227,260,260,185,208,208,227,72,103,68,68,140,140,157,189,18,30,43,71,88,117,143,154,154,104,104,54,54,54],"floor_reached":33,"playtime":2280,"items_purged":["Defend_G","Strike_G","Strike_G","Strike_G"],"score":586,"play_id":"05753dd6-64b0-4a29-97af-390568e64e90","local_time":"20231021024928","is_ascension_mode":true,"campfire_choices":[{"data":"Bouncing Flask","floor":7,"key":"SMITH"},{"data":"Dagger Spray","floor":10,"key":"SMITH"},{"data":"A Thousand Cuts","floor":15,"key":"SMITH"},{"data":"Venomology","floor":28,"key":"SMITH"},{"data":"Venomology","floor":30,"key":"SMITH"},{"data":"Blade Dance","floor":32,"key":"SMITH"}],"neow_cost":"NONE","seed_source_timestamp":199458345408916,"circlet_count":0,"master_deck":["AscendersBane","Strike_G","Strike_G","Defend_G","Defend_G","Defend_G","Survivor","Neutralize","Dagger Spray+1","Storm of Steel","Bouncing Flask+1","Blade Dance+1","A Thousand Cuts+1","Venomology+1","Reflex","Backflip+1","Acrobatics","Backstab+1","Venomology+1"],"relics":["Ring of the Snake","NeowsBlessing","MealTicket","Smiling Mask","Lantern","Runic Pyramid","Red Mask","Orrery","White Beast Statue","Dead Branch","Bag of Preparation"],"potions_floor_usage":[6,18,19,21,22,23,23,24,25,25,27,33,33,33],"damage_taken":[{"damage":0,"enemies":"2 Louse","floor":1,"turns":1},{"damage":0,"enemies":"Small Slimes","floor":4,"turns":1},{"damage":0,"enemies":"Jaw Worm","floor":5,"turns":1},{"damage":43,"enemies":"Gremlin Nob","floor":6,"turns":4},{"damage":19,"enemies":"Exordium Thugs","floor":11,"turns":5},{"damage":32,"enemies":"Lagavulin","floor":13,"turns":5},{"damage":12,"enemies":"Hexaghost","floor":16,"turns":7},{"damage":5,"enemies":"3 Byrds","floor":18,"turns":4},{"damage":0,"enemies":"Masked Bandits","floor":19,"turns":2},{"damage":0,"enemies":"Spheric Guardian","floor":21,"turns":3},{"damage":5,"enemies":"Snake Plant","floor":22,"turns":3},{"damage":12,"enemies":"Book of Stabbing","floor":23,"turns":3},{"damage":10,"enemies":"Centurion and Healer","floor":24,"turns":6},{"damage":17,"enemies":"Slavers","floor":25,"turns":4},{"damage":0,"enemies":"Shelled Parasite and Fungi","floor":27,"turns":1},{"damage":65,"enemies":"Champ","floor":33,"turns":7}],"seed_played":"2183667746328695639","potions_obtained":[{"floor":5,"key":"AttackPotion"},{"floor":11,"key":"Explosive Potion"},{"floor":16,"key":"LiquidMemories"},{"floor":24,"key":"AttackPotion"},{"floor":25,"key":"EntropicBrew"},{"floor":27,"key":"Explosive Potion"}],"is_trial":false,"path_per_floor":["M","?","?","M","M","E","R","$","T","R","M","$","E","?","R","B",null,"M","?","$","M","M","E","M","E","T","M","R","$","R","$","R","B"],"character_chosen":"THE_SILENT","basemod:card_modifiers":[null,null,null,null,null,null,null,null,null,null,null,null,null,null,null,null,null,null,null],"items_purchased":["FairyPotion","Orrery"],"campfire_rested":0,"item_purchase_floors":[12,20],"current_hp_per_floor":[59,48,48,48,48,5,5,20,20,20,1,16,19,35,35,23,55,50,50,65,65,60,48,38,21,21,21,21,36,36,51,51,0],"gold":54,"neow_bonus":"THREE_ENEMY_KILL","is_prod":false,"is_daily":false,"chose_seed":false,"campfire_upgraded":6,"win_rate":0,"timestamp":1697870968,"path_taken":["M","?","?","M","M","E","R","$","T","R","M","$","E","?","R","BOSS","M","?","?","M","M","E","M","E","T","?","R","$","R","?","R","BOSS"],"build_version":"2022-12-01","purchased_purges":4,"victory":false,"max_hp_per_floor":[66,66,66,66,66,66,66,66,66,66,66,66,66,66,66,66,66,66,66,66,66,66,66,66,66,66,66,66,66,66,66,66,66],"card_choices":[{"not_picked":["Prepared","Distraction"],"picked":"Dagger Spray","floor":1},{"not_picked":["Finisher","Well Laid Plans"],"picked":"Bouncing Flask","floor":4},{"not_picked":["Bane","Bouncing Flask","Distraction"],"picked":"SKIP","floor":5},{"not_picked":["Infinite Blades","Flechettes","Outmaneuver"],"picked":"SKIP","floor":6},{"not_picked":["Underhanded Strike","Flying Knee"],"picked":"Blade Dance","floor":11},{"not_picked":["Backflip","Night Terror"],"picked":"A Thousand Cuts","floor":13},{"not_picked":["Grand Finale","Malaise"],"picked":"Venomology","floor":16},{"not_picked":["Dagger Throw","Dash","Flying Knee"],"picked":"SKIP","floor":18},{"not_picked":["Dodge and Roll","Bouncing Flask+1"],"picked":"Reflex","floor":20},{"not_picked":["Dagger Spray","Underhanded Strike"],"picked":"Backflip+1","floor":20},{"not_picked":["Dagger Spray+1","Deadly Poison","Flying Knee+1"],"picked":"SKIP","floor":21},{"not_picked":["Setup","Cloak And Dagger"],"picked":"Acrobatics","floor":22},{"not_picked":["Finisher","Dagger Spray+1","Acrobatics"],"picked":"SKIP","floor":23},{"not_picked":["Caltrops","Quick Slash","Deflect"],"picked":"SKIP","floor":24},{"not_picked":["Flying Knee","Dagger Spray"],"picked":"Backstab+1","floor":25},{"not_picked":["Quick Slash","Accuracy"],"picked":"Venomology","floor":27}],"player_experience":185348,"relics_obtained":[{"floor":6,"key":"MealTicket"},{"floor":9,"key":"Smiling Mask"},{"floor":13,"key":"Lantern"},{"floor":19,"key":"Red Mask"},{"floor":23,"key":"White Beast Statue"},{"floor":25,"key":"Dead Branch"},{"floor":26,"key":"Bag of Preparation"}],"event_choices":[{"damage_healed":0,"gold_gain":75,"player_choice":"Gather Gold","damage_taken":11,"max_hp_gain":0,"max_hp_loss":0,"event_name":"World of Goop","floor":2,"gold_loss":0},{"damage_healed":0,"gold_gain":0,"cards_transformed":["Defend_G"],"player_choice":"Change","damage_taken":0,"max_hp_gain":0,"max_hp_loss":0,"event_name":"Living Wall","floor":3,"gold_loss":0,"cards_obtained":["Storm of Steel"]},{"damage_healed":16,"gold_gain":0,"player_choice":"Healed","damage_taken":0,"max_hp_gain":0,"max_hp_loss":0,"event_name":"The Cleric","floor":14,"gold_loss":35},{"damage_healed":0,"gold_gain":0,"player_choice":"Fought Bandits","damage_taken":0,"max_hp_gain":0,"max_hp_loss":0,"event_name":"Masked Bandits","floor":19,"gold_loss":0}],"is_beta":false,"boss_relics":[{"not_picked":["Runic Dome","Cursed Key"],"picked":"Runic Pyramid"}],"items_purged_floors":[8,12,29,31],"is_endless":false,"potions_floor_spawned":[5,11,16,24,25,27],"killed_by":"Champ","ascension_level":20}