{"neow_bonuses_skipped_log":["TEN_PERCENT_HP_BONUS","TWENTY_PERCENT_HP_BONUS","BOSS_RELIC"],"potions_obtained_entropic_brew":[[],[],[],[],[],[],[],[],[],[],[],[],[],[],[],[],[],[],[],[],[],[],[],[],[],[],[],[],[],[],[],[],[],[],[],[],[],[],[],[],[],[],[],[],[],[],[],[],[],[],[],[],[],[],[]],"neow_costs_skipped_log":["NONE","NO_GOLD","NONE"],"gold_per_floor":[111,128,142,159,41,41,69,69,141,175,175,210,210,223,223,301,301,311,311,322,334,46,46,56,86,112,112,112,142,142,154,154,233,233,245,261,261,281,298,327,327,338,383,394,394,73,98,126,126,126,126,126,126,51,51],"floor_reached":55,"playtime":7982,"items_purged":["Defend_G","Strike_G+1"],"score":1949,"play_id":"105c7e1c-eaea-4619-b41b-1f2290560121","local_time":"20231127163733","score_breakdown":["Floors Climbed (55): 275","Enemies Slain (16): 32","Exordium Elites Killed (3): 30","City Elites Killed (2): 40","Beyond Elites Killed (2): 60","Bosses Slain (4): 500","Librarian: 25","Overkill: 25","Ascension (20): 962"],"is_ascension_mode":true,"potions_obtained_alchemize":[[],[],[],[],[],[],[],[],[],[],[],[],[],[],[],[],[],[],[],[],[],[],[],[],[],[],[],[],[],[],[],[],[],[],[],[],[],[],[],[],[],[],[],[],[],[],[],[],[],[],[],[],[],[],[]],"campfire_choices":[{"data":"Glass Knife","floor":6.0,"key":"SMITH"},{"data":"Deadly Poison","floor":8.0,"key":"SMITH"},{"floor":11.0,"key":"REST"},{"data":"Calculated Gamble","floor":13.0,"key":"SMITH"},{"data":"Prepared","floor":15.0,"key":"SMITH"},{"data":"Crippling Poison","floor":23.0,"key":"SMITH"},{"data":"Wraith Form v2","floor":27.0,"key":"SMITH"},{"data":"Setup","floor":30.0,"key":"SMITH"},{"data":"Footwork","floor":32.0,"key":"SMITH"},{"data":"Catalyst","floor":41.0,"key":"SMITH"},{"data":"Night Terror","floor":45.0,"key":"SMITH"},{"floor":49.0,"key":"RECALL"},{"data":"1","floor":53.0,"key":"LIFT"}],"lesson_learned_per_floor":[[],[],[],[],[],[],[],[],[],[],[],[],[],[],[],[],[],[],[],[],[],[],[],[],[],[],[],[],[],[],[],[],[],[],[],[],[],[],[],[],[],[],[],[],[],[],[],[],[],[],[],[],[],[],[]],"neow_cost":"NONE","improvable_cards":{},"seed_source_timestamp":0,"shop_contents":[{"floor":5,"relics":["Eternal Feather","Anchor","PrismaticShard"],"cards":["Dagger Throw","Distraction","Deflect","Noxious Fumes","PanicButton","Transmutation"],"potions":["FearPotion","SpeedPotion","Fire Potion"]},{"floor":22,"relics":["Regal Pillow","Molten Egg 2","Chemical X"],"cards":["Unload","Glass Knife","Prepared","Well Laid Plans","Apotheosis"],"potions":["SpeedPotion","Dexterity Potion","Explosive Potion"]},{"floor":46,"relics":["MealTicket","Torii"],"cards":["Flying Knee","Heel Hook","Phantasmal Killer","Accuracy","Blind","Secret Weapon"],"potions":["LiquidBronze","LiquidBronze"]},{"floor":54,"relics":["CaptainsWheel","Akabeko","Cauldron"],"cards":["Dagger Throw","Choke","Crippling Poison","Caltrops","Panacea","Panache"],"potions":["SpeedPotion","Explosive Potion","GhostInAJar"]}],"circlet_count":0,"master_deck":["AscendersBane","Defend_G+1","Defend_G+1","Defend_G+1","Defend_G+1","Survivor","Neutralize","Endless Agony","Backflip","Glass Knife+1","Deadly Poison+1","Backstab","Calculated Gamble+1","Prepared+1","Die Die Die","Backflip+1","Terror+1","Crippling Poison+1","Purity","Wraith Form v2+1","Bite","Bite","Bite","Setup+1","Footwork+1","Night Terror+1","Catalyst+1","Eviscerate","Catalyst","Acrobatics","Tactician+1","Bouncing Flask","Acrobatics","Flechettes+1","Calculated Gamble","Leg Sweep"],"special_seed":0,"potion_use_per_floor":[[],[],[],[],[],[],[],[],[],["LiquidMemories"],[],["Strength Potion"],[],[],[],[],[],["AttackPotion"],[],[],[],[],[],[],["Fruit Juice"],[],[],[],[],[],[],[],[],[],[],[],[],[],[],["ColorlessPotion"],[],["Block Potion"],[],[],["Fruit Juice"],[],[],[],[],[],["FairyPotion"],[],[],[],[]],"relics":["Ring of the Snake","Ginger","Letter Opener","Bronze Scales","Runic Pyramid","Pantograph","Question Card","Empty Cage","Vajra","Ancient Tea Set","Boot","Orrery","Girya","Singing Bowl"],"potions_floor_usage":[],"damage_taken":[{"damage":4.0,"enemies":"Small Slimes","floor":1.0,"turns":4.0},{"damage":0.0,"enemies":"2 Louse","floor":2.0,"turns":3.0},{"damage":0.0,"enemies":"Cultist","floor":3.0,"turns":3.0},{"damage":1.0,"enemies":"Looter","floor":4.0,"turns":3.0},{"damage":17.0,"enemies":"3 Sentries","floor":7.0,"turns":9.0},{"damage":12.0,"enemies":"Lagavulin","floor":10.0,"turns":6.0},{"damage":3.0,"enemies":"Gremlin Nob","floor":12.0,"turns":3.0},{"damage":0.0,"enemies":"3 Louse","floor":14.0,"turns":2.0},{"damage":30.0,"enemies":"Hexaghost","floor":16.0,"turns":8.0},{"damage":10.0,"enemies":"2 Thieves","floor":18.0,"turns":4.0},{"damage":3.0,"enemies":"Spheric Guardian","floor":20.0,"turns":3.0},{"damage":3.0,"enemies":"Centurion and Healer","floor":21.0,"turns":5.0},{"damage":0.0,"enemies":"Snake Plant","floor":24.0,"turns":3.0},{"damage":16.0,"enemies":"Slavers","floor":25.0,"turns":4.0},{"damage":5.0,"enemies":"Book of Stabbing","floor":29.0,"turns":5.0},{"damage":16.0,"enemies":"Shelled Parasite and Fungi","floor":31.0,"turns":5.0},{"damage":3.0,"enemies":"Champ","floor":33.0,"turns":14.0},{"damage":10.0,"enemies":"3 Darklings","floor":35.0,"turns":7.0},{"damage":4.0,"enemies":"Orb Walker","floor":36.0,"turns":3.0},{"damage":4.0,"enemies":"Sphere and 2 Shapes","floor":38.0,"turns":6.0},{"damage":15.0,"enemies":"Jaw Worm Horde","floor":39.0,"turns":5.0},{"damage":31.0,"enemies":"Giant Head","floor":40.0,"turns":7.0},{"damage":33.0,"enemies":"Spire Growth","floor":42.0,"turns":4.0},{"damage":4.0,"enemies":"Sphere and 2 Shapes","floor":44.0,"turns":6.0},{"damage":12.0,"enemies":"Mind Bloom Boss Battle","floor":47.0,"turns":6.0},{"damage":5.0,"enemies":"Reptomancer","floor":48.0,"turns":5.0},{"damage":61.0,"enemies":"Donu and Deca","floor":50.0,"turns":11.0},{"damage":59.0,"enemies":"Awakened One","floor":51.0,"turns":14.0},{"damage":90,"enemies":"Shield and Spear","floor":55,"turns":3}],"green_key_taken_log":12,"seed_played":"-4342574762895761356","neow_bonus_log":{"cardsObtained":[],"cardsUpgraded":[],"cardsRemoved":[],"cardsTransformed":[],"relicsObtained":[],"maxHpGained":0,"goldGained":0,"damageTaken":0,"goldLost":0,"maxHpLost":0},"potions_obtained":[{"floor":3.0,"key":"LiquidMemories"},{"floor":7.0,"key":"Strength Potion"},{"floor":10.0,"key":"AttackPotion"},{"floor":21.0,"key":"FairyPotion"},{"floor":24.0,"key":"Fruit Juice"},{"floor":25.0,"key":"Fruit Juice"},{"floor":39.0,"key":"ColorlessPotion"},{"floor":40.0,"key":"Block Potion"},{"floor":44.0,"key":"Strength Potion"}],"is_trial":false,"path_per_floor":["M","M","M","M","$","R","E","R","T","E","R","E","R","M","R","B",null,"M","?","M","M","$","R","M","E","T","R","?","E","R","M","R","B",null,"M","M","?","M","M","E","R","M","T","M","R","$","?","E","R","B","B",null,"R","$","E"],"character_chosen":"THE_SILENT","basemod:card_modifiers":[null,null,null,null,null,null,null,null,null,null,null,null,null,null,null,null,null,null,null,null,null,null,null,null,null,null,null,null,null,null,null,null,null,null,null,null],"items_purchased":["Backstab","Crippling Poison","Purity","Orrery","Calculated Gamble","FairyPotion","Leg Sweep"],"campfire_rested":1,"item_purchase_floors":[5,22,22,46,46,46,54],"current_hp_per_floor":[55,55,55,54,54,54,37,37,37,25,44,43,43,45,45,17,54,46,46,45,44,44,44,46,37,37,37,37,40,40,34,34,71,71,67,67,67,69,62,35,35,6,6,10,15,15,40,45,45,15,31,66,66,66,0],"gold":51,"neow_bonus":"THREE_CARDS","is_prod":false,"is_daily":false,"rewards_skipped":[],"chose_seed":false,"campfire_upgraded":10,"win_rate":0,"floor_exit_playtime":[169,209,367,438,608,617,836,921,924,1040,1049,1119,1127,1180,1192,1348,1497,1684,1696,1779,1888,1979,1996,2082,2249,2253,2261,2278,2437,2448,2646,2653,4153,4612,4907,5041,5090,5267,5412,5684,5724,5814,5817,5957,6029,6140,6341,6545,6549,7005,7695,7709,7725,7776],"timestamp":1701121053,"blue_key_relic_skipped_log":{"floor":26,"relicID":"CeramicFish"},"path_taken":["M","M","M","M","$","R","E","R","T","E","R","E","R","M","R","BOSS","M","?","M","M","$","R","M","E","T","R","?","E","R","M","R","BOSS","M","M","?","M","?","E","R","M","T","M","R","$","?","E","R","BOSS","BOSS","R","$","E"],"build_version":"2022-12-01","purchased_purges":2,"victory":false,"max_hp_per_floor":[66,66,66,66,66,66,66,66,66,66,66,66,66,66,66,66,66,66,66,66,66,66,66,66,71,71,71,71,71,71,71,71,71,71,71,71,71,71,71,71,71,71,71,71,76,76,76,78,78,78,78,78,78,78,78],"relic_stats":{"Girya":1,"Singing Bowl":2,"counters":[29,161],"Bronze Scales":[371],"Pantograph":100,"Ginger":[14],"Letter Opener":[420],"Question Card":16,"Ancient Tea Set":[8],"Boot":[15],"obtain_stats":[{"Girya":47,"Singing Bowl":48,"Vajra":37,"Ginger":7,"Letter Opener":9,"Question Card":29,"Empty Cage":34,"Ancient Tea Set":40,"Boot":43,"Blood Vial":10,"Bronze Scales":12,"Pantograph":25,"Orrery":46,"Ring of the Snake":0,"Runic Pyramid":17},{"Girya":25,"Singing Bowl":26,"Vajra":19,"Ginger":5,"Letter Opener":5,"Question Card":15,"Empty Cage":17,"Ancient Tea Set":22,"Boot":23,"Blood Vial":6,"Bronze Scales":7,"Pantograph":14,"Orrery":24,"Ring of the Snake":0,"Runic Pyramid":9},{"Girya":128,"Singing Bowl":133,"Vajra":94,"Ginger":22,"Letter Opener":22,"Question Card":65,"Empty Cage":84,"Ancient Tea Set":112,"Boot":116,"Blood Vial":28,"Bronze Scales":31,"Pantograph":60,"Orrery":122,"Ring of the Snake":0,"Runic Pyramid":41}],"Ring of the Snake":[60]},"card_choices":[{"not_picked":["Flying Knee","Bane"],"picked":"Endless Agony","floor":0.0},{"not_picked":["Sucker Punch","Deflect"],"picked":"Backflip","floor":1.0},{"not_picked":["Bane","Leg Sweep"],"picked":"Glass Knife","floor":2.0},{"not_picked":["Prepared","Dagger Throw"],"picked":"Deadly Poison","floor":3.0},{"not_picked":["Sucker Punch","Backflip","Dodge and Roll"],"picked":"SKIP","floor":4.0},{"not_picked":["Flying Knee","Deadly Poison","Accuracy"],"picked":"SKIP","floor":7.0},{"not_picked":["Reflex","Flying Knee","Deadly Poison"],"picked":"SKIP","floor":10.0},{"not_picked":["Malaise","Quick Slash"],"picked":"Calculated Gamble","floor":12.0},{"not_picked":["Heel Hook","Underhanded Strike"],"picked":"Prepared","floor":14.0},{"not_picked":["Grand Finale","Bullet Time"],"picked":"Die Die Die","floor":16.0},{"not_picked":["Flying Knee","Slice"],"picked":"Backflip+1","floor":18.0},{"not_picked":["Cloak And Dagger","Bane","Flying Knee+1"],"picked":"SKIP","floor":20.0},{"not_picked":["Underhanded Strike","PiercingWail"],"picked":"Terror+1","floor":21.0},{"not_picked":["Dagger Throw+1","Prepared"],"picked":"Wraith Form v2","floor":24.0},{"not_picked":["Sucker Punch","Poisoned Stab","Crippling Poison"],"picked":"SKIP","floor":25.0},{"not_picked":["Dash","Dodge and Roll"],"picked":"Setup","floor":29.0},{"not_picked":["Dagger Throw","Quick Slash","Backflip"],"picked":"Footwork","floor":31.0},{"not_picked":["Adrenaline","Malaise","Venomology"],"picked":"Night Terror","floor":33.0},{"not_picked":["Dagger Spray+1","Dagger Throw+1","Dodge and Roll","Quick Slash+1"],"picked":"SKIP","floor":35.0},{"not_picked":["Deadly Poison","Backflip","Prepared+1"],"picked":"Catalyst","floor":36.0},{"not_picked":["Outmaneuver","Terror","Acrobatics"],"picked":"Eviscerate","floor":38.0},{"not_picked":["Prepared","Envenom","Blade Dance"],"picked":"Catalyst","floor":39.0},{"not_picked":["Underhanded Strike+1","Outmaneuver","Bullet Time","Eviscerate"],"picked":"SKIP","floor":40.0},{"not_picked":["Flying Knee","Dodge and Roll","Catalyst"],"picked":"Acrobatics","floor":42.0},{"not_picked":["Poisoned Stab","Deadly Poison","Choke","Bouncing Flask"],"picked":"SKIP","floor":44.0},{"not_picked":["Infinite Blades+1","Quick Slash","Grand Finale"],"picked":"Tactician+1","floor":46.0},{"not_picked":["Bane","Slice","Deadly Poison"],"picked":"Bouncing Flask","floor":46.0},{"not_picked":["Deflect","Blade Dance","Dagger Throw"],"picked":"Acrobatics","floor":46.0},{"not_picked":["Backstab","Eviscerate","Envenom"],"picked":"Flechettes+1","floor":46.0},{"not_picked":["Expertise","Acrobatics","Caltrops","Blade Dance"],"picked":"SKIP","floor":46.0},{"not_picked":["Bouncing Flask","Terror","Deflect","Eviscerate"],"picked":"SKIP","floor":47.0},{"not_picked":["Choke+1","Poisoned Stab","Deadly Poison+1","Sucker Punch"],"picked":"Singing Bowl","floor":48.0}],"player_experience":72998,"relics_obtained":[{"floor":7.0,"key":"Ginger"},{"floor":9.0,"key":"Letter Opener"},{"floor":10.0,"key":"Blood Vial"},{"floor":12.0,"key":"Bronze Scales"},{"floor":25.0,"key":"Pantograph"},{"floor":29.0,"key":"Question Card"},{"floor":40.0,"key":"Ancient Tea Set"},{"floor":43.0,"key":"Boot"},{"floor":47.0,"key":"Girya"},{"floor":48.0,"key":"Singing Bowl"}],"event_choices":[{"damage_healed":0.0,"max_hp_gain":0.0,"max_hp_loss":0.0,"gold_gain":0.0,"event_name":"Back to Basics","player_choice":"Simplicity","floor":19.0,"gold_loss":0.0,"damage_taken":0.0,"cards_upgraded":["Strike_G","Strike_G","Strike_G","Strike_G","Strike_G","Defend_G","Defend_G","Defend_G","Defend_G"]},{"damage_healed":0.0,"max_hp_gain":0.0,"max_hp_loss":0.0,"gold_gain":0.0,"event_name":"Vampires","player_choice":"Became a vampire (Vial)","floor":28.0,"relics_lost":["Blood Vial"],"gold_loss":0.0,"damage_taken":0.0,"cards_obtained":["Bite","Bite","Bite","Bite","Bite"]},{"damage_healed":0.0,"max_hp_gain":0.0,"max_hp_loss":0.0,"gold_gain":0.0,"event_name":"WeMeetAgain","player_choice":"Gave Potion","floor":37.0,"gold_loss":0.0,"damage_taken":0.0,"relics_obtained":["Vajra"]},{"damage_healed":0.0,"max_hp_gain":0.0,"max_hp_loss":0.0,"gold_gain":0.0,"event_name":"MindBloom","player_choice":"Fight","floor":47.0,"gold_loss":0.0,"damage_taken":0.0}],"is_beta":false,"boss_relics":[{"not_picked":["SlaversCollar","Cursed Key"],"picked":"Runic Pyramid"},{"not_picked":["Runic Dome","HoveringKite"],"picked":"Empty Cage"}],"items_purged_floors":[5,22],"is_endless":false,"potions_floor_spawned":[3,7,10,21,24,25,39,40,44],"killed_by":"Shield and Spear","ascension_level":20,"potion_discard_per_floor":[[],[],[],[],[],[],[],[],[],[],[],[],[],[],[],[],[],[],[],[],[],[],[],[],[],[],[],[],[],[],[],[],[],[],[],[],[],[],[],[],[],[],[],[],[],[],[],[],[],[],[],[],[],[],[]]}