{"neow_bonuses_skipped_log":["THREE_ENEMY_KILL"],"neow_costs_skipped_log":["NONE"],"potions_obtained_entropic_brew":[[],[],[],[],[],[],[],[],[],[],[],[],[],[],[],[],[],[],[],[],[],[],[],[],[],[],[],[],[],[],[],[],[],[],[],[],[],[],[],[],[],[],[],[],[],[],[],[],[],[],[],[],[],[],[],[],[]],"gold_per_floor":[112,130,148,166,185,185,212,212,212,212,224,242,271,327,327,404,404,344,4,4,4,4,4,4,4,4,4,4,4,4,4,4,4,4,4,0,0,0,0,0,0,0,0,0,0,0,0,0,0,0,0,0,0,0,0,0],"floor_reached":57,"playtime":5154,"items_purged":[],"score":3038,"play_id":"d5ec68e4-06d5-43ef-acc1-7f7c9f9c6be5","local_time":"20231219103109","falling_options_log":["Neutralize+1","Wraith Form v2"],"score_breakdown":["Floors Climbed (57): 285","Enemies Slain (17): 34","Exordium Elites Killed (2): 20","City Elites Killed (2): 40","Beyond Elites Killed (3): 90","Bosses Slain (5): 750","Collector (1): 25","Librarian: 25","Champion (3): 75","Perfect (1): 50","Overkill: 25","Ascension (20): 1369","Heartbreaker: 250"],"is_ascension_mode":true,"potions_obtained_alchemize":[[],[],[],[],[],[],[],[],[],[],[],[],[],[],[],[],[],[],[],[],[],[],[],[],[],[],[],[],[],[],[],[],[],[],[],[],[],[],[],[],[],[],[],[],[],[],[],[],[],[],[],[],[],[],[],[],[]],"campfire_choices":[{"data":"Skewer","floor":6,"key":"SMITH"},{"data":"Crippling Poison","floor":8,"key":"SMITH"},{"floor":10,"key":"REST"},{"data":"Catalyst","floor":15,"key":"SMITH"},{"data":"Die Die Die","floor":24,"key":"SMITH"},{"data":"Catalyst","floor":29,"key":"SMITH"},{"data":"Neutralize","floor":32,"key":"SMITH"},{"data":"Wraith Form v2","floor":41,"key":"SMITH"},{"floor":45,"key":"RECALL"},{"data":"Calculated Gamble","floor":49,"key":"SMITH"},{"data":"Acrobatics","floor":53,"key":"SMITH"}],"lesson_learned_per_floor":[[],[],[],[],[],[],[],[],[],[],[],[],[],[],[],[],[],[],[],[],[],[],[],[],[],[],[],[],[],[],[],[],[],[],[],[],[],[],[],[],[],[],[],[],[],[],[],[],[],[],[],[],[],[],[],[],[]],"neow_cost":"NONE","improvable_cards":{},"seed_source_timestamp":426694303830333,"shop_contents":[{"floor":19,"relics":["Juzu Bracelet"],"cards":["Sucker Punch","Bane","Concentrate","Leg Sweep","Tools of the Trade","Finesse","Mayhem"],"potions":["LiquidBronze","LiquidMemories","Strength Potion"]},{"floor":54,"relics":["Strawberry","Snake Skull","ClockworkSouvenir"],"cards":["Bane","Unload","Doppelganger","Prepared","Envenom","Forethought","Mayhem"],"potions":["BlessingOfTheForge","Weak Potion","Strength Potion"]}],"circlet_count":0,"master_deck":["AscendersBane","Defend_G","Defend_G","Defend_G","Defend_G","Defend_G","Survivor","Neutralize+1","Dash","Crippling Poison+1","Skewer+1","Endless Agony","All Out Attack+1","Catalyst+1","Flying Knee","Die Die Die+1","Deadly Poison","Catalyst+1","Night Terror+1","Acrobatics+1","Acrobatics+1","PiercingWail","Bite","Bite+1","Bite","Bite","Bite","Bouncing Flask+1","Backflip","Tools of the Trade","Wraith Form v2+1","Night Terror+1","PiercingWail+1","Tactician+1","PiercingWail","Calculated Gamble+1","Bullet Time"],"potion_use_per_floor":[[],[],[],[],[],[],["Dexterity Potion"],[],[],[],[],[],[],[],[],[],[],[],[],[],[],[],[],[],["GhostInAJar"],[],[],[],[],[],[],[],[],[],[],[],[],[],[],[],[],["Swift Potion"],[],[],[],[],[],[],[],["DistilledChaos"],[],[],[],[],[],["FairyPotion"],[]],"relics":["Ring of the Snake","FossilizedHelix","Gambling Chip","TungstenRod","Gremlin Horn","Ectoplasm","Orrery","Centennial Puzzle","MawBank","War Paint","Bag of Marbles","SacredBark","Red Mask","Question Card","Sundial","Pantograph","Whetstone"],"potions_floor_usage":[7,25,42,50],"damage_taken":[{"damage":9,"enemies":"Jaw Worm","floor":1,"turns":5},{"damage":0,"enemies":"Cultist","floor":2,"turns":5},{"damage":2,"enemies":"Small Slimes","floor":3,"turns":4},{"damage":19,"enemies":"Gremlin Gang","floor":4,"turns":7},{"damage":8,"enemies":"Looter","floor":5,"turns":4},{"damage":22,"enemies":"3 Sentries","floor":7,"turns":13},{"damage":0,"enemies":"Exordium Wildlife","floor":11,"turns":2},{"damage":0,"enemies":"2 Fungi Beasts","floor":12,"turns":2},{"damage":0,"enemies":"Lagavulin","floor":13,"turns":5},{"damage":12,"enemies":"3 Sentries","floor":14,"turns":7},{"damage":11,"enemies":"Hexaghost","floor":16,"turns":8},{"damage":2,"enemies":"2 Thieves","floor":18,"turns":3},{"damage":0,"enemies":"Spheric Guardian","floor":20,"turns":2},{"damage":0,"enemies":"Cultist and Chosen","floor":22,"turns":5},{"damage":14,"enemies":"Slavers","floor":25,"turns":5},{"damage":7,"enemies":"Snake Plant","floor":27,"turns":3},{"damage":0,"enemies":"Gremlin Leader","floor":28,"turns":4},{"damage":0,"enemies":"Centurion and Healer","floor":31,"turns":10},{"damage":11,"enemies":"Champ","floor":33,"turns":5},{"damage":0,"enemies":"Orb Walker","floor":35,"turns":3},{"damage":0,"enemies":"3 Shapes","floor":39,"turns":6},{"damage":0,"enemies":"Nemesis","floor":40,"turns":5},{"damage":8,"enemies":"Reptomancer","floor":42,"turns":5},{"damage":2,"enemies":"Nemesis","floor":44,"turns":5},{"damage":0,"enemies":"3 Darklings","floor":46,"turns":2},{"damage":0,"enemies":"Writhing Mass","floor":47,"turns":6},{"damage":0,"enemies":"Spire Growth","floor":48,"turns":2},{"damage":36,"enemies":"Awakened One","floor":50,"turns":11},{"damage":0,"enemies":"Time Eater","floor":51,"turns":2},{"damage":33,"enemies":"Shield and Spear","floor":55,"turns":7},{"damage":101,"enemies":"The Heart","floor":56,"turns":17}],"green_key_taken_log":7,"seed_played":"-2697059059351302207","neow_bonus_log":{"cardsObtained":[],"cardsUpgraded":[],"cardsRemoved":[],"cardsTransformed":[],"relicsObtained":[],"maxHpGained":6,"goldGained":0,"damageTaken":0,"goldLost":0,"maxHpLost":0},"potions_obtained":[{"floor":5,"key":"Dexterity Potion"},{"floor":7,"key":"FairyPotion"},{"floor":11,"key":"GhostInAJar"},{"floor":25,"key":"Fire Potion"},{"floor":35,"key":"Swift Potion"},{"floor":48,"key":"DistilledChaos"}],"is_trial":false,"path_per_floor":["M","M","M","M","M","R","E","R","T","R","M","M","E","?","R","B",null,"M","$","M","?","M","?","R","E","T","M","E","R","?","M","R","B",null,"M","?","?","?","M","E","R","E","T","E","R","M","M","M","R","B","B",null,"R","$","E","B",null],"character_chosen":"THE_SILENT","basemod:card_modifiers":[null,null,null,null,null,null,null,null,null,null,null,null,null,null,null,null,null,null,null,null,null,null,null,null,null,null,null,null,null,null,null,null,null,null,null,null,null],"items_purchased":["Orrery","Centennial Puzzle"],"campfire_rested":1,"item_purchase_floors":[19,19],"current_hp_per_floor":[56,56,54,35,27,27,5,5,5,26,26,26,26,14,14,3,55,53,53,53,53,53,50,50,42,42,41,47,47,35,55,55,50,54,55,55,55,55,55,55,55,53,53,51,51,51,55,55,55,39,55,55,55,55,24,41],"gold":0,"neow_bonus":"TEN_PERCENT_HP_BONUS","is_prod":false,"is_daily":false,"rewards_skipped":[{"floor":12,"relics":[],"potions":["DuplicationPotion"]},{"floor":13,"relics":[],"potions":["PowerPotion"]},{"floor":22,"relics":[],"potions":["Strength Potion"]},{"floor":27,"relics":[],"potions":["BlessingOfTheForge"]},{"floor":33,"relics":[],"potions":["Dexterity Potion"]},{"floor":39,"relics":[],"potions":["EssenceOfSteel"]},{"floor":40,"relics":[],"potions":["FairyPotion"]}],"chose_seed":false,"campfire_upgraded":9,"win_rate":0,"floor_exit_playtime":[88,141,183,318,360,381,642,650,682,739,815,878,949,1149,1159,1267,1328,1403,1517,1623,1634,1719,1730,1759,1931,1943,2048,2249,2260,2277,2464,2486,2874,2971,3068,3074,3099,3108,3249,3373,3384,3559,3576,3680,3696,3765,3933,3989,3996,4323,4375,4389,4411,4421,4699,5154],"timestamp":1702999869,"blue_key_relic_skipped_log":{"floor":43,"relicID":"Pear"},"path_taken":["M","M","M","M","M","R","E","R","T","R","M","M","E","?","R","BOSS","M","$","?","?","M","?","R","E","T","M","E","R","?","?","R","BOSS","M","?","?","?","M","E","R","E","T","E","R","?","M","?","R","BOSS","BOSS","R","$","E","BOSS"],"build_version":"2022-12-01","purchased_purges":0,"victory":true,"max_hp_per_floor":[72,72,72,72,72,72,72,72,72,72,72,72,72,72,72,72,72,72,72,72,72,72,50,50,50,50,50,50,50,55,55,55,55,55,55,55,55,55,55,55,55,55,55,55,55,55,55,55,55,55,55,55,55,55,55,55],"relic_stats":{"Gremlin Horn":[23,21],"counters":[31,170],"Whetstone":["Bite","All Out Attack"],"War Paint":["Night Terror","Acrobatics"],"MawBank":0,"Question Card":6,"Centennial Puzzle":[25],"Sundial":[6],"Gambling Chip":[115],"Pantograph":41,"Ectoplasm":865,"obtain_stats":[{"Gremlin Horn":14,"SacredBark":34,"Whetstone":55,"War Paint":26,"MawBank":25,"Question Card":40,"Centennial Puzzle":19,"Sundial":42,"Gambling Chip":9,"Pantograph":44,"Orrery":19,"Ectoplasm":17,"Bag of Marbles":28,"Red Mask":36,"FossilizedHelix":7,"TungstenRod":13,"Ring of the Snake":0},{"Gremlin Horn":10,"SacredBark":19,"Whetstone":30,"War Paint":15,"MawBank":15,"Question Card":22,"Centennial Puzzle":12,"Sundial":23,"Gambling Chip":6,"Pantograph":24,"Orrery":12,"Ectoplasm":11,"Bag of Marbles":17,"Red Mask":20,"FossilizedHelix":6,"TungstenRod":9,"Ring of the Snake":0},{"Gremlin Horn":54,"SacredBark":99,"Whetstone":153,"War Paint":77,"MawBank":77,"Question Card":113,"Centennial Puzzle":65,"Sundial":118,"Gambling Chip":38,"Pantograph":123,"Orrery":65,"Ectoplasm":62,"Bag of Marbles":84,"Red Mask":102,"FossilizedHelix":38,"TungstenRod":47,"Ring of the Snake":0}],"FossilizedHelix":[238],"TungstenRod":173,"Ring of the Snake":[62]},"card_choices":[{"not_picked":["Acrobatics","Blade Dance"],"picked":"Dash","floor":1},{"not_picked":["Acrobatics","Cloak And Dagger"],"picked":"Crippling Poison","floor":2},{"not_picked":["Infinite Blades","Quick Slash"],"picked":"Skewer","floor":3},{"not_picked":["Bane","Expertise"],"picked":"Endless Agony","floor":4},{"not_picked":["Storm of Steel","Backflip"],"picked":"All Out Attack","floor":5},{"not_picked":["Bouncing Flask","Endless Agony"],"picked":"Catalyst","floor":7},{"not_picked":["Concentrate","Sucker Punch","Poisoned Stab"],"picked":"SKIP","floor":11},{"not_picked":["Prepared","Predator","Deflect"],"picked":"SKIP","floor":12},{"not_picked":["Bane","Concentrate","Quick Slash"],"picked":"SKIP","floor":13},{"not_picked":["Sucker Punch","Dagger Throw"],"picked":"Flying Knee","floor":14},{"not_picked":["Unload","Phantasmal Killer"],"picked":"Die Die Die","floor":16},{"not_picked":["Deflect","Dodge and Roll"],"picked":"Deadly Poison","floor":18},{"not_picked":["Finisher","Outmaneuver"],"picked":"Catalyst","floor":19},{"not_picked":["Underhanded Strike","Dagger Spray+1"],"picked":"Night Terror","floor":19},{"not_picked":["Bane","Skewer"],"picked":"Acrobatics","floor":19},{"not_picked":["Dodge and Roll","Noxious Fumes"],"picked":"Acrobatics","floor":19},{"not_picked":["Flying Knee","Terror"],"picked":"PiercingWail","floor":19},{"not_picked":["Riddle With Holes","Accuracy","Sucker Punch+1"],"picked":"SKIP","floor":20},{"not_picked":["Slice","Bane","Dagger Throw"],"picked":"SKIP","floor":22},{"not_picked":["Sucker Punch","Prepared"],"picked":"Bouncing Flask+1","floor":25},{"not_picked":["Endless Agony","Prepared"],"picked":"Backflip","floor":27},{"not_picked":["Blur","Slice"],"picked":"Tools of the Trade","floor":28},{"not_picked":["Skewer","Flying Knee"],"picked":"PiercingWail","floor":31},{"not_picked":["Burst","Bullet Time"],"picked":"Wraith Form v2","floor":33},{"not_picked":["Bane+1","Riddle With Holes","Underhanded Strike+1"],"picked":"SKIP","floor":35},{"not_picked":["Blade Dance","Deflect"],"picked":"PiercingWail+1","floor":39},{"not_picked":["All Out Attack","Blur","Reflex"],"picked":"SKIP","floor":40},{"not_picked":["Sucker Punch+1","Flechettes","Choke","Masterful Stab"],"picked":"SKIP","floor":42},{"not_picked":["Expertise","Dodge and Roll","Dash","Finisher"],"picked":"SKIP","floor":44},{"not_picked":["PiercingWail","Poisoned Stab","Deflect"],"picked":"Tactician+1","floor":46},{"not_picked":["Dagger Spray+1","Predator","Catalyst"],"picked":"PiercingWail","floor":47},{"not_picked":["Deflect","PiercingWail+1","Quick Slash"],"picked":"Calculated Gamble","floor":48},{"not_picked":["Blade Dance+1","Acrobatics+1","Catalyst+1"],"picked":"Bullet Time","floor":55}],"player_experience":38901,"relics_obtained":[{"floor":7,"key":"FossilizedHelix"},{"floor":9,"key":"Gambling Chip"},{"floor":13,"key":"TungstenRod"},{"floor":14,"key":"Gremlin Horn"},{"floor":25,"key":"MawBank"},{"floor":26,"key":"War Paint"},{"floor":28,"key":"Bag of Marbles"},{"floor":40,"key":"Question Card"},{"floor":42,"key":"Sundial"},{"floor":44,"key":"Pantograph"},{"floor":55,"key":"Whetstone"}],"event_choices":[{"damage_healed":0,"gold_gain":30,"player_choice":"Searched \u00272\u0027 times","damage_taken":0,"max_hp_gain":0,"max_hp_loss":0,"event_name":"Dead Adventurer","floor":14,"gold_loss":0},{"damage_healed":0,"gold_gain":0,"player_choice":"Became a vampire","damage_taken":0,"max_hp_gain":0,"max_hp_loss":22,"event_name":"Vampires","floor":23,"gold_loss":0,"cards_obtained":["Bite","Bite","Bite","Bite","Bite"]},{"damage_healed":0,"gold_gain":0,"player_choice":"Shed Blood","damage_taken":18,"max_hp_gain":5,"max_hp_loss":0,"event_name":"Forgotten Altar","floor":30,"gold_loss":0},{"damage_healed":0,"gold_gain":0,"player_choice":"Paid","damage_taken":0,"relics_obtained":["Red Mask"],"max_hp_gain":0,"max_hp_loss":0,"event_name":"Tomb of Lord Red Mask","floor":36,"gold_loss":4},{"damage_healed":0,"gold_gain":0,"player_choice":"Copied","damage_taken":0,"max_hp_gain":0,"max_hp_loss":0,"event_name":"Duplicator","floor":37,"gold_loss":0,"cards_obtained":["Night Terror"]},{"cards_removed":["PiercingWail"],"damage_healed":0,"gold_gain":0,"player_choice":"Removed Skill","damage_taken":0,"max_hp_gain":0,"max_hp_loss":0,"event_name":"Falling","floor":38,"gold_loss":0}],"is_beta":false,"boss_relics":[{"not_picked":["HoveringKite","Snecko Eye"],"picked":"Ectoplasm"},{"not_picked":["Fusion Hammer","WristBlade"],"picked":"SacredBark"}],"items_purged_floors":[],"is_endless":false,"potions_floor_spawned":[5,7,11,12,13,22,25,27,33,35,39,40,48],"ascension_level":20,"potion_discard_per_floor":[[],[],[],[],[],[],[],[],[],[],[],[],[],[],[],[],[],[],[],[],[],[],[],[],[],[],[],[],[],[],[],[],[],[],["Fire Potion"],[],[],[],[],[],[],[],[],[],[],[],[],[],[],[],[],[],[],[],[],[],[]]}