{"neow_bonuses_skipped_log":["ONE_RANDOM_RARE_CARD","TEN_PERCENT_HP_BONUS","BOSS_RELIC"],"neow_costs_skipped_log":["NONE","NONE","NONE"],"potions_obtained_entropic_brew":[[],[],[],[],[],[],[],[],[],[],[],[],[],[],[],[],[],[],[],[],[],[],[],[],[],[],[],[],[],[],[],[],[],[],[],[],[],[],[],["Explosive Potion","EssenceOfSteel","Block Potion"],[],[],[],[],[],[],[],[],[],[]],"gold_per_floor":[112,112,9,23,23,23,54,54,124,139,169,183,210,227,227,301,301,312,312,312,43,58,58,84,84,84,84,103,118,131,142,142,216,216,229,245,245,245,48,82,2,2,2,28,28,0,20,49,49,49],"floor_reached":50,"playtime":6702,"items_purged":["Defend_G","Strike_G"],"score":1265,"play_id":"724bceca-f613-488b-a254-d3f31ebd3c0f","local_time":"20240203170056","score_breakdown":["Floors Climbed (50): 250","Enemies Slain (15): 30","Exordium Elites Killed (3): 30","City Elites Killed (1): 20","Beyond Elites Killed (3): 90","Bosses Slain (2): 150","Librarian: 25","Champion (1): 25","Overkill: 25","Ascension (20): 620"],"is_ascension_mode":true,"potions_obtained_alchemize":[[],[],[],[],[],[],[],[],[],[],[],[],[],[],[],[],[],[],[],[],[],[],[],[],[],[],[],[],[],[],[],[],[],[],[],[],[],[],[],[],[],[],[],[],[],[],["ColorlessPotion"],["Explosive Potion"],[],["AttackPotion"]],"campfire_choices":[{"data":"Blade Dance","floor":6.0,"key":"SMITH"},{"data":"Deadly Poison","floor":8.0,"key":"SMITH"},{"data":"Catalyst","floor":15.0,"key":"SMITH"},{"data":"Apotheosis","floor":23.0,"key":"SMITH"},{"data":"Footwork","floor":27.0,"key":"SMITH"},{"data":"Calculated Gamble","floor":32.0,"key":"SMITH"},{"data":"Master of Strategy","floor":42.0,"key":"SMITH"},{"floor":45.0,"key":"RECALL"},{"data":"Acrobatics","floor":49,"key":"SMITH"}],"lesson_learned_per_floor":[[],[],[],[],[],[],[],[],[],[],[],[],[],[],[],[],[],[],[],[],[],[],[],[],[],[],[],[],[],[],[],[],[],[],[],[],[],[],[],[],[],[],[],[],[],[],[],[],[],[]],"neow_cost":"TEN_PERCENT_HP_LOSS","improvable_cards":{},"seed_source_timestamp":0,"shop_contents":[{"floor":3,"relics":["War Paint","Turnip","HandDrill"],"cards":["Heel Hook","Endless Agony","PiercingWail","Caltrops","Purity","Sadistic Nature"],"potions":["FairyPotion","CultistPotion"]},{"floor":21,"relics":["Centennial Puzzle","Art of War","Sling"],"cards":["Dagger Spray","Poisoned Stab","Outmaneuver","Calculated Gamble","Caltrops","Forethought","Panacea"],"potions":["Weak Potion","DuplicationPotion","PowerPotion"]},{"floor":39,"relics":["Ninja Scroll","Juzu Bracelet","Cauldron"],"cards":["Dagger Spray","Slice","Terror","Blur","Well Laid Plans","Swift Strike","Chrysalis"],"potions":["PowerPotion","CultistPotion","PowerPotion"]},{"floor":41,"relics":["Sundial","Kunai","Frozen Eye"],"cards":["Bane","Choke","Leg Sweep","Outmaneuver","Accuracy","Jack Of All Trades","Magnetism"],"potions":["Explosive Potion","SteroidPotion","PowerPotion"]}],"circlet_count":0,"master_deck":["AscendersBane","Strike_G","Strike_G","Defend_G","Defend_G","Defend_G","Defend_G","Survivor","Neutralize","Master of Strategy+1","Underhanded Strike","Deadly Poison+1","Blade Dance+1","Quick Slash","All Out Attack","Catalyst+1","PiercingWail","A Thousand Cuts","Prepared","Calculated Gamble+1","Ghostly","Ghostly","Ghostly","Apotheosis+1","Footwork+1","Reflex","Backflip","Adrenaline","Prepared","After Image","Prepared","Catalyst","Dark Shackles","Transmutation","Panacea","Madness","Madness","Acrobatics+1","Venomology","PiercingWail+1"],"special_seed":0,"potion_use_per_floor":[[],[],[],[],[],[],["FearPotion"],[],[],[],[],[],["LiquidMemories"],[],[],[],[],["Explosive Potion"],[],[],[],[],[],["CunningPotion"],["SmokeBomb"],[],[],[],[],[],[],[],[],[],[],[],[],[],[],["EntropicBrew"],[],[],[],[],[],[],["EssenceOfSteel","ColorlessPotion"],["Explosive Potion","Explosive Potion"],[],["Weak Potion","Block Potion","PowerPotion","AttackPotion","DuplicationPotion"]],"relics":["Ring of the Snake","MealTicket","Blood Vial","The Courier","Meat on the Bone","PreservedInsect","HoveringKite","Bottled Tornado","Ornamental Fan","Empty Cage","Potion Belt","Gremlin Horn","White Beast Statue","Red Mask","Pocketwatch"],"potions_floor_usage":[48,48,50,50,50,50,50],"damage_taken":[{"damage":0.0,"enemies":"2 Louse","floor":1.0,"turns":2.0},{"damage":3.0,"enemies":"Jaw Worm","floor":4.0,"turns":3.0},{"damage":8.0,"enemies":"Gremlin Nob","floor":7.0,"turns":3.0},{"damage":4.0,"enemies":"Small Slimes","floor":10.0,"turns":3.0},{"damage":12.0,"enemies":"Lagavulin","floor":11.0,"turns":7.0},{"damage":10.0,"enemies":"Exordium Wildlife","floor":12.0,"turns":4.0},{"damage":14.0,"enemies":"3 Sentries","floor":13.0,"turns":4.0},{"damage":0.0,"enemies":"2 Fungi Beasts","floor":14.0,"turns":2.0},{"damage":11.0,"enemies":"The Guardian","floor":16.0,"turns":10.0},{"damage":10.0,"enemies":"2 Thieves","floor":18.0,"turns":3.0},{"damage":14.0,"enemies":"Chosen","floor":22.0,"turns":6.0},{"damage":9.0,"enemies":"Slavers","floor":24.0,"turns":7.0},{"damage":2.0,"enemies":"Sentry and Sphere","floor":25.0,"turns":4.0},{"damage":2.0,"enemies":"Centurion and Healer","floor":28.0,"turns":6.0},{"damage":8.0,"enemies":"Shelled Parasite and Fungi","floor":29.0,"turns":5.0},{"damage":3.0,"enemies":"Snake Plant","floor":30.0,"turns":3.0},{"damage":10.0,"enemies":"Snecko","floor":31.0,"turns":6.0},{"damage":3.0,"enemies":"Collector","floor":33.0,"turns":8.0},{"damage":2.0,"enemies":"3 Shapes","floor":35.0,"turns":7.0},{"damage":0.0,"enemies":"Orb Walker","floor":36.0,"turns":5.0},{"damage":3.0,"enemies":"Reptomancer","floor":40.0,"turns":7.0},{"damage":0.0,"enemies":"Giant Head","floor":44.0,"turns":8.0},{"damage":0.0,"enemies":"Writhing Mass","floor":47.0,"turns":6.0},{"damage":4,"enemies":"Reptomancer","floor":48,"turns":6},{"damage":84,"enemies":"Time Eater","floor":50,"turns":11}],"green_key_taken_log":13,"seed_played":"4739205685089914570","neow_bonus_log":{"cardsObtained":[],"cardsUpgraded":[],"cardsRemoved":[],"cardsTransformed":[],"relicsObtained":[],"maxHpGained":0,"goldGained":0,"damageTaken":0,"goldLost":0,"maxHpLost":6},"potions_obtained":[{"floor":4.0,"key":"CunningPotion"},{"floor":10.0,"key":"LiquidMemories"},{"floor":13.0,"key":"Explosive Potion"},{"floor":24.0,"key":"SmokeBomb"},{"floor":28.0,"key":"Fire Potion"},{"floor":29.0,"key":"PowerPotion"},{"floor":35.0,"key":"EntropicBrew"},{"floor":47.0,"key":"DuplicationPotion"},{"floor":48,"key":"Weak Potion"}],"is_trial":false,"path_per_floor":["M","T","$","M","?","R","E","R","T","M","E","M","E","M","R","B",null,"M","?","?","$","M","R","E","M","T","R","M","M","M","M","R","B",null,"M","M","?","?","$","E","$","R","T","E","R","?","M","E","R","B"],"character_chosen":"THE_SILENT","basemod:card_modifiers":[null,null,null,null,null,null,null,null,null,null,null,null,null,null,null,null,null,null,null,null,null,null,null,null,null,null,null,null,null,null,null,null,null,null,null,null,null,null,null,null],"items_purchased":["Deadly Poison","FearPotion","Apotheosis","Footwork","Reflex","Potion Belt"],"campfire_rested":0,"item_purchase_floors":[3,3,21,21,21,39],"current_hp_per_floor":[59,59,60,57,57,57,49,49,49,47,37,41,41,43,43,34,54,46,46,30,30,16,16,21,21,21,21,21,27,26,18,18,17,27,27,29,19,14,29,27,30,30,30,30,30,30,30,26,26,0],"gold":49,"neow_bonus":"RANDOM_COLORLESS_2","is_prod":false,"is_daily":false,"rewards_skipped":[{"floor":11,"relics":[],"potions":["SkillPotion"]},{"floor":33,"relics":[],"potions":["Dexterity Potion"]},{"floor":36,"relics":[],"potions":["SneckoOil"]}],"chose_seed":false,"campfire_upgraded":8,"win_rate":0,"floor_exit_playtime":[76,86,113,1729,1735,1746,1798,1812,1818,1887,1995,2076,2215,2243,2264,2500,2535,2608,2642,3032,3082,3196,3205,3359,3454,3458,3476,3594,3730,3814,4067,4140,4429,4557,4750,4856,4923,4942,4999,5250,5290,5323,5330,5641,5648,5655,5957,6215,6264],"timestamp":1706997656,"blue_key_relic_skipped_log":{"floor":43,"relicID":"Toxic Egg 2"},"path_taken":["M","?","$","M","?","R","E","R","T","M","E","?","E","?","R","BOSS","M","?","?","$","M","R","E","M","T","R","M","M","?","M","R","BOSS","M","M","?","?","$","E","?","R","T","E","R","?","?","E","R","BOSS"],"build_version":"2022-12-01","purchased_purges":2,"victory":false,"max_hp_per_floor":[60,60,60,60,60,60,60,60,60,60,60,60,60,60,60,60,60,60,60,30,30,30,30,30,30,30,30,30,30,30,30,30,30,30,30,30,30,30,30,30,30,30,30,30,30,30,30,30,30,30],"relic_stats":{"Gremlin Horn":[4,4],"counters":[25,136],"HoveringKite":[61],"The Courier":137,"PreservedInsect":294,"Bottled Tornado":"Footwork","White Beast Statue":[0.0,0.0,0.12000000000000002,0.0,0.5800000000000001,0.0,0.30000000000000004,0.0,0.0,0.0,0.0,0.8200000000000001],"Blood Vial":35,"Ornamental Fan":[96],"MealTicket":19,"obtain_stats":[{"Potion Belt":39,"Gremlin Horn":40,"HoveringKite":17,"The Courier":9,"PreservedInsect":13,"Bottled Tornado":24,"Empty Cage":34,"White Beast Statue":44,"Blood Vial":7,"Ornamental Fan":26,"MealTicket":2,"Red Mask":46,"Ring of the Snake":0,"Meat on the Bone":11,"Pocketwatch":48},{"Potion Belt":20,"Gremlin Horn":21,"HoveringKite":9,"The Courier":3,"PreservedInsect":7,"Bottled Tornado":12,"Empty Cage":18,"White Beast Statue":22,"Blood Vial":3,"Ornamental Fan":13,"MealTicket":1,"Red Mask":22,"Ring of the Snake":0,"Meat on the Bone":5,"Pocketwatch":24},{"Potion Belt":98,"Gremlin Horn":105,"HoveringKite":38,"The Courier":8,"PreservedInsect":26,"Bottled Tornado":54,"Empty Cage":86,"White Beast Statue":113,"Blood Vial":8,"Ornamental Fan":58,"MealTicket":2,"Red Mask":113,"Ring of the Snake":0,"Meat on the Bone":18,"Pocketwatch":125}],"Ring of the Snake":[50],"Meat on the Bone":48,"Pocketwatch":[12]},"card_choices":[{"not_picked":["Sadistic Nature","Panache"],"picked":"Master of Strategy","floor":0.0},{"not_picked":["Distraction","Choke"],"picked":"Underhanded Strike","floor":1.0},{"not_picked":["Flying Knee","Masterful Stab"],"picked":"Blade Dance","floor":4.0},{"not_picked":["Reflex","Slice"],"picked":"Quick Slash","floor":7.0},{"not_picked":["Outmaneuver","Envenom"],"picked":"All Out Attack","floor":10.0},{"not_picked":["Skewer","Bouncing Flask","Choke"],"picked":"SKIP","floor":11.0},{"not_picked":["Quick Slash","Flechettes"],"picked":"Catalyst","floor":12.0},{"not_picked":["Envenom","Dagger Throw"],"picked":"PiercingWail","floor":13.0},{"not_picked":["All Out Attack","Deadly Poison","Cloak And Dagger"],"picked":"SKIP","floor":14.0},{"not_picked":["Venomology","Night Terror"],"picked":"A Thousand Cuts","floor":16.0},{"not_picked":["Deadly Poison","PiercingWail"],"picked":"Prepared","floor":18.0},{"not_picked":["Distraction","Dash","Escape Plan","Deflect","Catalyst","Dagger Throw","Sucker Punch","Skewer","Cloak And Dagger","Acrobatics","Blade Dance","Slice","Heel Hook","Endless Agony","Reflex","Choke","Dagger Spray","Backstab","Outmaneuver"],"picked":"Calculated Gamble","floor":19.0},{"not_picked":["Dagger Spray","Outmaneuver","Deflect"],"picked":"SKIP","floor":22.0},{"not_picked":["Poisoned Stab","Dagger Spray","Finisher"],"picked":"SKIP","floor":24.0},{"not_picked":["Poisoned Stab","Quick Slash+1"],"picked":"Backflip","floor":28.0},{"not_picked":["Dagger Spray","Dagger Throw"],"picked":"Adrenaline","floor":29.0},{"not_picked":["Cloak And Dagger","Bouncing Flask+1","Deadly Poison"],"picked":"SKIP","floor":30.0},{"not_picked":["Blur","Deadly Poison"],"picked":"Prepared","floor":31.0},{"not_picked":["Phantasmal Killer","Glass Knife"],"picked":"After Image","floor":33.0},{"not_picked":["Bane+1","Outmaneuver"],"picked":"Prepared","floor":35.0},{"not_picked":["Sucker Punch","Underhanded Strike+1"],"picked":"Catalyst","floor":36.0},{"not_picked":["Sadistic Nature","Deep Breath"],"picked":"Dark Shackles","floor":37.0},{"not_picked":["Trip","Deep Breath"],"picked":"Transmutation","floor":37.0},{"not_picked":["Forethought","Finesse"],"picked":"Panacea","floor":37.0},{"not_picked":["Die Die Die","Infinite Blades+1"],"picked":"Acrobatics","floor":40.0},{"not_picked":["Flying Knee+1","Prepared"],"picked":"Venomology","floor":44.0},{"not_picked":["Dash","Blade Dance","Outmaneuver+1"],"picked":"SKIP","floor":47.0},{"not_picked":["Quick Slash+1","Heel Hook"],"picked":"PiercingWail+1","floor":48}],"player_experience":178394,"relics_obtained":[{"floor":2.0,"key":"MealTicket"},{"floor":7.0,"key":"Blood Vial"},{"floor":9.0,"key":"The Courier"},{"floor":11.0,"key":"Meat on the Bone"},{"floor":13.0,"key":"PreservedInsect"},{"floor":24.0,"key":"Bottled Tornado"},{"floor":26.0,"key":"Ornamental Fan"},{"floor":40.0,"key":"Gremlin Horn"},{"floor":44.0,"key":"White Beast Statue"},{"floor":48,"key":"Pocketwatch"}],"event_choices":[{"damage_healed":0.0,"max_hp_gain":0.0,"max_hp_loss":0.0,"gold_gain":0.0,"event_name":"Liars Game","player_choice":"Ignored","floor":5.0,"gold_loss":0.0,"damage_taken":0.0},{"damage_healed":0.0,"max_hp_gain":0.0,"max_hp_loss":0.0,"gold_gain":0.0,"event_name":"The Library","player_choice":"Read","floor":19.0,"gold_loss":0.0,"damage_taken":0.0,"cards_obtained":["Calculated Gamble"]},{"damage_healed":0.0,"max_hp_gain":0.0,"max_hp_loss":30.0,"gold_gain":0.0,"event_name":"Ghosts","player_choice":"Became a Ghost","floor":20.0,"gold_loss":0.0,"damage_taken":0.0,"cards_obtained":["Ghostly","Ghostly","Ghostly"]},{"damage_healed":0.0,"max_hp_gain":0.0,"max_hp_loss":0.0,"gold_gain":0.0,"event_name":"SensoryStone","player_choice":"Memory 3","floor":37.0,"gold_loss":0.0,"damage_taken":10.0},{"damage_healed":0.0,"max_hp_gain":0.0,"max_hp_loss":0.0,"gold_gain":0.0,"event_name":"Winding Halls","player_choice":"Embrace Madness","floor":38.0,"gold_loss":0.0,"damage_taken":5.0,"cards_obtained":["Madness","Madness"]},{"damage_healed":0.0,"max_hp_gain":0.0,"max_hp_loss":0.0,"gold_gain":0.0,"event_name":"Tomb of Lord Red Mask","player_choice":"Paid","floor":46.0,"gold_loss":28.0,"damage_taken":0.0,"relics_obtained":["Red Mask"]}],"is_beta":false,"boss_relics":[{"not_picked":["Tiny House","Black Star"],"picked":"HoveringKite"},{"not_picked":["Philosopher\u0027s Stone","WristBlade"],"picked":"Empty Cage"}],"items_purged_floors":[39,41],"is_endless":false,"potions_floor_spawned":[4,10,11,13,24,25,28,29,33,35,36,47,48],"killed_by":"Time Eater","ascension_level":20,"potion_discard_per_floor":[[],[],[],[],[],[],[],[],[],[],[],[],[],[],[],[],[],[],[],[],[],[],[],[],[],[],[],[],[],[],[],[],[],[],["Fire Potion"],[],[],[],[],[],[],[],[],[],[],[],[],[],[],[]]}