{"neow_bonuses_skipped_log":["ONE_RANDOM_RARE_CARD","TWENTY_PERCENT_HP_BONUS","BOSS_RELIC"],"neow_costs_skipped_log":["NONE","NO_GOLD","NONE"],"potions_obtained_entropic_brew":[[],[],[],[],[],[],[],[],[],[],[],[],[],[],[],[],[],[],[],[],[],[],[],[],[]],"gold_per_floor":[113,113,113,58,58,90,153,153,178,103,103,121,121,156,156,231,231,241,91,91,141,158,191,191,191],"floor_reached":25,"playtime":1597,"items_purged":["Strike_G"],"score":496,"play_id":"1daa7e96-2d05-4a7e-85e2-1127f241f155","local_time":"20240125105208","score_breakdown":["Floors Climbed (25): 125","Enemies Slain (4): 8","Exordium Elites Killed (2): 20","City Elites Killed (1): 20","Bosses Slain (1): 50","Champion (1): 25","Ascension (20): 248"],"is_ascension_mode":true,"potions_obtained_alchemize":[[],[],[],[],[],[],[],[],[],[],[],[],[],[],[],[],[],[],[],[],[],[],[],[],[]],"campfire_choices":[{"data":"Concentrate","floor":11,"key":"SMITH"},{"data":"Well Laid Plans","floor":13,"key":"SMITH"},{"data":"Calculated Gamble","floor":15,"key":"SMITH"},{"floor":24,"key":"REST"}],"lesson_learned_per_floor":[[],[],[],[],[],[],[],[],[],[],[],[],[],[],[],[],[],[],[],[],[],[],[],[],[]],"neow_cost":"NONE","improvable_cards":{},"seed_source_timestamp":12007668886542,"shop_contents":[{"floor":4,"relics":["HornCleat","Orichalcum","Membership Card"],"cards":["All Out Attack","Dagger Spray","Deflect","Terror","Well Laid Plans","Good Instincts","Mayhem"],"potions":["Block Potion","Strength Potion"]},{"floor":19,"relics":["Blood Vial","Regal Pillow","TheAbacus"],"cards":["Slice","Poisoned Stab","Blade Dance","Caltrops","Blind","Violence"],"potions":["SkillPotion","Ancient Potion","GamblersBrew"]}],"circlet_count":0,"master_deck":["AscendersBane","Strike_G","Strike_G","Strike_G","Strike_G","Defend_G+1","Defend_G","Defend_G","Defend_G","Survivor","Neutralize","All Out Attack+1","Riddle With Holes","Acrobatics","Concentrate+1","Terror+1","Well Laid Plans+1","Calculated Gamble+1","A Thousand Cuts","Deadly Poison","Leg Sweep","Tactician"],"potion_use_per_floor":[[],[],[],[],[],[],[],[],[],[],[],[],[],["Strength Potion"],[],[],[],[],[],[],[],["SteroidPotion"],["DuplicationPotion","Energy Potion"],[],[]],"relics":["Ring of the Serpent","NeowsBlessing","Juzu Bracelet","Art of War","CaptainsWheel","StoneCalendar","Prayer Wheel"],"potions_floor_usage":[14,22,23,23],"damage_taken":[{"damage":0,"enemies":"Jaw Worm","floor":1,"turns":1},{"damage":0,"enemies":"Lagavulin","floor":6,"turns":1},{"damage":0,"enemies":"Gremlin Nob","floor":7,"turns":1},{"damage":0,"enemies":"Cultist","floor":12,"turns":2},{"damage":11,"enemies":"Gremlin Nob","floor":14,"turns":3},{"damage":9,"enemies":"Slime Boss","floor":16,"turns":7},{"damage":10,"enemies":"Shell Parasite","floor":18,"turns":5},{"damage":5,"enemies":"Spheric Guardian","floor":22,"turns":5},{"damage":45,"enemies":"Slavers","floor":23,"turns":4},{"damage":29,"enemies":"3 Cultists","floor":25,"turns":4}],"green_key_taken_log":6,"seed_played":"-3032418485143148439","neow_bonus_log":{"cardsObtained":[],"cardsUpgraded":[],"cardsRemoved":[],"cardsTransformed":[],"relicsObtained":["NeowsBlessing"],"maxHpGained":0,"goldGained":0,"damageTaken":0,"goldLost":0,"maxHpLost":0},"potions_obtained":[{"floor":6,"key":"LiquidBronze"},{"floor":14,"key":"SteroidPotion"},{"floor":16,"key":"PowerPotion"},{"floor":18,"key":"DuplicationPotion"},{"floor":22,"key":"Energy Potion"}],"is_trial":false,"path_per_floor":["M","T","?","$","?","E","?","?","T","?","R","M","R","E","R","B",null,"M","$","?","?","M","E","R","M"],"character_chosen":"THE_SILENT","basemod:card_modifiers":[null,null,null,null,null,null,null,null,null,null,null,null,null,null,null,null,null,null,null,null,null,null],"items_purchased":["Strength Potion","Leg Sweep"],"campfire_rested":1,"item_purchase_floors":[4,19],"current_hp_per_floor":[59,59,59,59,59,59,59,39,39,39,39,39,39,28,28,19,54,44,44,57,57,52,7,26,0],"gold":191,"neow_bonus":"THREE_ENEMY_KILL","is_prod":false,"is_daily":false,"rewards_skipped":[],"chose_seed":false,"campfire_upgraded":3,"win_rate":0,"floor_exit_playtime":[42,50,79,141,164,207,236,248,254,272,287,357,365,435,441,676,782,1015,1096,1119,1129,1298,1471,1481],"timestamp":1706197928,"blue_key_relic_skipped_log":{"floor":9,"relicID":"CeramicFish"},"path_taken":["M","?","?","$","?","E","?","?","T","?","R","M","R","E","R","BOSS","M","?","?","?","M","E","R","M"],"build_version":"2022-12-01","purchased_purges":1,"victory":false,"max_hp_per_floor":[66,66,66,66,66,66,66,66,66,66,66,66,66,66,66,66,66,66,66,66,66,66,66,66,66],"relic_stats":{"counters":[10,33],"StoneCalendar":[78],"Prayer Wheel":0,"Juzu Bracelet":1,"Art of War":[5],"obtain_stats":[{"CaptainsWheel":7,"NeowsBlessing":0,"StoneCalendar":14,"Prayer Wheel":23,"Juzu Bracelet":2,"Art of War":6,"Ring of the Serpent":17,"Ring of the Snake":0},{"CaptainsWheel":3,"NeowsBlessing":0,"StoneCalendar":5,"Prayer Wheel":9,"Juzu Bracelet":1,"Art of War":2,"Ring of the Serpent":6,"Ring of the Snake":0},{"CaptainsWheel":3,"NeowsBlessing":0,"StoneCalendar":8,"Prayer Wheel":29,"Juzu Bracelet":1,"Art of War":2,"Ring of the Serpent":15,"Ring of the Snake":0}]},"card_choices":[{"not_picked":["Escape Plan","Deflect"],"picked":"All Out Attack","floor":1},{"not_picked":["Infinite Blades","Prepared"],"picked":"Concentrate","floor":6},{"not_picked":["Poisoned Stab","Skewer"],"picked":"Terror","floor":7},{"not_picked":["Underhanded Strike","Dagger Spray"],"picked":"Well Laid Plans","floor":12},{"not_picked":["Catalyst","PiercingWail"],"picked":"Calculated Gamble","floor":14},{"not_picked":["Bullet Time","Unload"],"picked":"A Thousand Cuts","floor":16},{"not_picked":["Choke","Blade Dance"],"picked":"Deadly Poison","floor":18},{"not_picked":["Underhanded Strike","Blade Dance","Bane"],"picked":"SKIP","floor":22},{"not_picked":["Accuracy","Outmaneuver"],"picked":"Tactician","floor":23}],"player_experience":185458,"relics_obtained":[{"floor":2,"key":"Juzu Bracelet"},{"floor":6,"key":"Art of War"},{"floor":7,"key":"CaptainsWheel"},{"floor":14,"key":"StoneCalendar"},{"floor":23,"key":"Prayer Wheel"}],"event_choices":[{"damage_healed":0,"gold_gain":0,"player_choice":"2 cards matched","damage_taken":0,"max_hp_gain":0,"max_hp_loss":0,"event_name":"Match and Keep!","floor":3,"gold_loss":0,"cards_obtained":["Riddle With Holes","Acrobatics"]},{"damage_healed":0,"gold_gain":0,"player_choice":"Grow","damage_taken":0,"max_hp_gain":0,"max_hp_loss":0,"event_name":"Living Wall","floor":5,"gold_loss":0,"cards_upgraded":["All Out Attack"]},{"damage_healed":0,"gold_gain":30,"player_choice":"Searched \u00272\u0027 times","damage_taken":0,"max_hp_gain":0,"max_hp_loss":0,"event_name":"Dead Adventurer","floor":7,"gold_loss":0},{"damage_healed":0,"gold_gain":0,"player_choice":"Entered Light","damage_taken":20,"max_hp_gain":0,"max_hp_loss":0,"event_name":"Shining Light","floor":8,"gold_loss":0,"cards_upgraded":["Terror","Defend_G"]},{"cards_removed":["Defend_G"],"damage_healed":0,"gold_gain":0,"player_choice":"Card Removal","damage_taken":0,"max_hp_gain":0,"max_hp_loss":0,"event_name":"The Cleric","floor":10,"gold_loss":75},{"damage_healed":13,"gold_gain":0,"player_choice":"Heal","damage_taken":0,"max_hp_gain":0,"max_hp_loss":0,"event_name":"The Library","floor":20,"gold_loss":0},{"damage_healed":0,"gold_gain":50,"player_choice":"Stole From Cult","damage_taken":0,"max_hp_gain":0,"max_hp_loss":0,"event_name":"Nest","floor":21,"gold_loss":0}],"is_beta":false,"boss_relics":[{"not_picked":["SlaversCollar","Black Star"],"picked":"Ring of the Serpent"}],"items_purged_floors":[19],"is_endless":false,"potions_floor_spawned":[6,14,16,18,22],"killed_by":"3 Cultists","ascension_level":20,"potion_discard_per_floor":[[],[],[],[],[],[],[],[],[],[],[],[],[],[],[],["LiquidBronze"],[],["PowerPotion"],[],[],[],[],[],[],[]]}