{"neow_bonuses_skipped_log":["THREE_CARDS","THREE_SMALL_POTIONS","BOSS_RELIC"],"potions_obtained_entropic_brew":[[],[],[],[],[],["BlessingOfTheForge","Dexterity Potion"],[]],"neow_costs_skipped_log":["NONE","NONE","NONE"],"gold_per_floor":[109,123,141,141,141,141,141],"floor_reached":7,"playtime":362,"items_purged":[],"score":82,"play_id":"9555d226-9d6a-4b87-b3cf-6f86853cd860","local_time":"20240315085635","score_breakdown":["Floors Climbed (7): 35","Enemies Slain (3): 6","Exordium Elites Killed (0): 0","Bosses Slain (0): 0","Ascension (20): 41"],"is_ascension_mode":true,"potions_obtained_alchemize":[[],[],[],[],[],[],[]],"campfire_choices":[{"floor":6,"key":"DIG"}],"lesson_learned_per_floor":[[],[],[],[],[],[],[]],"neow_cost":"PERCENT_DAMAGE","improvable_cards":{},"seed_source_timestamp":1564579369208,"shop_contents":[],"circlet_count":0,"master_deck":["AscendersBane","Strike_G","Strike_G","Strike_G","Strike_G","Strike_G","Defend_G","Defend_G","Defend_G","Defend_G","Defend_G","Survivor","Neutralize","Underhanded Strike","Dagger Spray","PiercingWail"],"potion_use_per_floor":[[],[],[],[],[],["EntropicBrew"],["BlessingOfTheForge","Dexterity Potion"]],"relics":["Ring of the Snake","Shovel","Golden Idol","GremlinMask","Boot"],"potions_floor_usage":[6,7,7],"damage_taken":[{"damage":3,"enemies":"Jaw Worm","floor":1,"turns":4},{"damage":1,"enemies":"Small Slimes","floor":2,"turns":3},{"damage":0,"enemies":"2 Louse","floor":3,"turns":2},{"damage":48,"enemies":"Gremlin Nob","floor":7,"turns":4}],"seed_played":"5838717493708435419","neow_bonus_log":{"cardsObtained":[],"cardsUpgraded":[],"cardsRemoved":[],"cardsTransformed":[],"relicsObtained":["Shovel"],"maxHpGained":0,"goldGained":0,"damageTaken":15,"goldLost":0,"maxHpLost":0},"potions_obtained":[{"floor":3,"key":"EntropicBrew"}],"is_trial":false,"path_per_floor":["M","M","M","?","?","R","E"],"character_chosen":"THE_SILENT","basemod:card_modifiers":[null,null,null,null,null,null,null,null,null,null,null,null,null,null,null,null],"items_purchased":[],"campfire_rested":0,"item_purchase_floors":[],"current_hp_per_floor":[41,40,40,40,40,40,0],"gold":141,"neow_bonus":"ONE_RARE_RELIC","is_prod":false,"is_daily":false,"rewards_skipped":[],"chose_seed":false,"campfire_upgraded":0,"win_rate":0,"floor_exit_playtime":[123,172,220,228,233,275],"timestamp":1710507395,"path_taken":["M","M","M","?","?","R","E"],"build_version":"2022-12-01","purchased_purges":0,"victory":false,"max_hp_per_floor":[66,66,66,60,60,60,60],"relic_stats":{"Shovel":1,"counters":[4,13],"Golden Idol":0,"Boot":[4],"obtain_stats":[{"Shovel":0,"Golden Idol":4,"GremlinMask":5,"Boot":6,"Ring of the Snake":0},{"Shovel":0,"Golden Idol":3,"GremlinMask":3,"Boot":3,"Ring of the Snake":0},{"Shovel":0,"Golden Idol":9,"GremlinMask":9,"Boot":9,"Ring of the Snake":0}],"Ring of the Snake":[8]},"card_choices":[{"not_picked":["Setup","Escape Plan"],"picked":"Underhanded Strike","floor":1},{"not_picked":["Backflip","Underhanded Strike"],"picked":"Dagger Spray","floor":2},{"not_picked":["Quick Slash","Leg Sweep"],"picked":"PiercingWail","floor":3}],"player_experience":140204,"relics_obtained":[{"floor":6,"key":"Boot"}],"event_choices":[{"damage_healed":0,"gold_gain":0,"player_choice":"Lose Max HP","damage_taken":0,"relics_obtained":["Golden Idol"],"max_hp_gain":0,"max_hp_loss":6,"event_name":"Golden Idol","floor":4,"gold_loss":0},{"damage_healed":0,"gold_gain":0,"player_choice":"Trade","damage_taken":0,"relics_obtained":["GremlinMask"],"max_hp_gain":0,"max_hp_loss":0,"event_name":"FaceTrader","floor":5,"gold_loss":0}],"is_beta":false,"boss_relics":[],"items_purged_floors":[],"is_endless":false,"potions_floor_spawned":[3],"killed_by":"Gremlin Nob","ascension_level":20,"potion_discard_per_floor":[[],[],[],[],[],[],[]]}