{"neow_bonuses_skipped_log":["REMOVE_CARD","THREE_SMALL_POTIONS","BOSS_RELIC"],"neow_costs_skipped_log":["NONE","NONE","NONE"],"potions_obtained_entropic_brew":[[],[],[],[],[],[],[],[],[],[],[],[],[],[],[],[],[],[],[],[],[],[],[],[],[],[],[],[],[],[],[],[],[],[],[],[],[],[],[],[],[],[],[],[],["Poison Potion"],[],[],[],[],[],[],[],[],[],[],["GamblersBrew","AttackPotion","PowerPotion","Explosive Potion"],[]],"gold_per_floor":[15,29,44,44,60,60,87,87,110,123,135,170,187,200,200,274,274,286,286,303,316,39,39,72,82,107,107,127,178,193,223,223,297,297,308,333,350,366,385,385,414,465,465,496,511,97,112,122,122,122,122,122,122,42,77,77],"floor_reached":57,"playtime":9469,"items_purged":["Defend_G","Strike_G"],"score":2869,"play_id":"fb8f596a-3c53-4f6d-b6dc-fb7a896d489c","local_time":"20240320115324","score_breakdown":["Floors Climbed (57): 285","Enemies Slain (21): 42","Exordium Elites Killed (2): 20","City Elites Killed (2): 40","Beyond Elites Killed (2): 60","Bosses Slain (5): 750","Librarian: 25","Champion (1): 25","Perfect (1): 50","Overkill: 25","Ascension (20): 1297","Heartbreaker: 250"],"is_ascension_mode":true,"potions_obtained_alchemize":[[],[],[],[],[],[],[],[],[],[],[],[],[],[],[],[],[],["ColorlessPotion"],[],["CultistPotion"],["Strength Potion"],[],[],["ColorlessPotion"],["SmokeBomb","Dexterity Potion"],[],[],["Weak Potion","LiquidMemories"],[],["Energy Potion"],["DistilledChaos","SteroidPotion"],[],["GhostInAJar","FairyPotion"],[],["DistilledChaos","Weak Potion"],["Weak Potion","DistilledChaos"],["AttackPotion","LiquidBronze"],["AttackPotion","SmokeBomb"],["SneckoOil","CultistPotion"],[],["EntropicBrew","SmokeBomb"],["SpeedPotion","SteroidPotion"],[],["GamblersBrew","SneckoOil"],["SneckoOil","EntropicBrew"],[],["Poison Potion","LiquidMemories"],["EssenceOfSteel"],[],["EssenceOfSteel","Swift Potion"],["Dexterity Potion","Dexterity Potion"],[],[],[],["BlessingOfTheForge","GamblersBrew"],["LiquidBronze","Swift Potion"],[]],"campfire_choices":[{"data":"Skewer","floor":6.0,"key":"SMITH"},{"data":"Wraith Form v2","floor":8.0,"key":"SMITH"},{"data":"Eviscerate","floor":15.0,"key":"SMITH"},{"data":"Setup","floor":23.0,"key":"SMITH"},{"floor":27.0,"key":"REST"},{"data":"Calculated Gamble","floor":32.0,"key":"SMITH"},{"data":"Acrobatics","floor":40.0,"key":"SMITH"},{"floor":49.0,"key":"RECALL"},{"data":"Apotheosis","floor":53.0,"key":"SMITH"}],"lesson_learned_per_floor":[[],[],[],[],[],[],[],[],[],[],[],[],[],[],[],[],[],[],[],[],[],[],[],[],[],[],[],[],[],[],[],[],[],[],[],[],[],[],[],[],[],[],[],[],[],[],[],[],[],[],[],[],[],[],[],[],[]],"neow_cost":"NO_GOLD","improvable_cards":{},"seed_source_timestamp":0,"shop_contents":[{"floor":22,"relics":["Bottled Lightning","Singing Bowl"],"cards":["Dagger Spray","Blade Dance","Terror","Infinite Blades","Flash of Steel","Sadistic Nature"],"potions":["Swift Potion","Explosive Potion","SteroidPotion"]},{"floor":46,"relics":["Pantograph","Kunai","Sling"],"cards":["Predator","All Out Attack","Dodge and Roll","Accuracy","Good Instincts"],"potions":["BlessingOfTheForge","GhostInAJar"]},{"floor":54,"relics":["Akabeko","Snake Skull","PrismaticShard"],"cards":["All Out Attack","Slice","Backflip","Escape Plan","Tools of the Trade","Madness","HandOfGreed"],"potions":["Block Potion","Swift Potion"]}],"circlet_count":0,"master_deck":["AscendersBane","Strike_G","Strike_G","Strike_G","Strike_G","Defend_G","Defend_G","Defend_G","Defend_G","Survivor","Neutralize+1","Wraith Form v2+1","Flying Knee","Skewer+1","Acrobatics+1","Dagger Spray","Calculated Gamble+1","Setup+1","Backflip","Eviscerate+1","Prepared","Crippling Poison","Venomology","Prepared+1","Wraith Form v2+1","Backstab+1","Venomology","Deadly Poison","Doppelganger","Adrenaline","Footwork+1","Grand Finale","Terror","Wraith Form v2","Catalyst+1","Apotheosis+1","Catalyst","After Image"],"special_seed":0,"potion_use_per_floor":[[],[],[],[],[],[],["FearPotion"],[],[],[],[],[],[],[],[],["SkillPotion","BlessingOfTheForge"],[],[],[],[],["ColorlessPotion"],[],[],["Strength Potion"],["ColorlessPotion"],[],[],["Ancient Potion","Weak Potion"],[],["CunningPotion"],["LiquidMemories","DistilledChaos"],[],["Regen Potion","CultistPotion","DistilledChaos","FairyPotion"],[],["DistilledChaos"],["Weak Potion"],["AttackPotion"],["Fire Potion"],["SteroidPotion","SneckoOil"],[],["CultistPotion","GamblersBrew"],["FearPotion"],[],["SteroidPotion","LiquidBronze"],["EntropicBrew","Poison Potion"],[],["GamblersBrew","Poison Potion"],["LiquidMemories"],[],["EssenceOfSteel","EssenceOfSteel"],["Swift Potion","Dexterity Potion","Dexterity Potion"],[],[],[],["Regen Potion","GhostInAJar","BlessingOfTheForge"],["Ancient Potion","SpeedPotion","GamblersBrew","EntropicBrew","Explosive Potion","LiquidBronze","PowerPotion","AttackPotion","GamblersBrew"],[]],"relics":["Ring of the Snake","Happy Flower","Art of War","Potion Belt","Runic Pyramid","Nloth\u0027s Gift","DollysMirror","Whetstone","Lantern","Bottled Flame","SacredBark","Bird Faced Urn","Bag of Preparation","Turnip","Strawberry","Boot"],"potions_floor_usage":[55,55,55,56,56,56,56,56,56,56,56,56],"damage_taken":[{"damage":0.0,"enemies":"2 Louse","floor":1.0,"turns":4.0},{"damage":0.0,"enemies":"Small Slimes","floor":2.0,"turns":5.0},{"damage":0.0,"enemies":"Cultist","floor":3.0,"turns":4.0},{"damage":0.0,"enemies":"Looter","floor":5.0,"turns":4.0},{"damage":6.0,"enemies":"Gremlin Nob","floor":7.0,"turns":3.0},{"damage":4.0,"enemies":"Red Slaver","floor":10.0,"turns":6.0},{"damage":1.0,"enemies":"3 Louse","floor":11.0,"turns":5.0},{"damage":21.0,"enemies":"3 Sentries","floor":12.0,"turns":7.0},{"damage":9.0,"enemies":"Lots of Slimes","floor":13.0,"turns":5.0},{"damage":2.0,"enemies":"2 Fungi Beasts","floor":14.0,"turns":3.0},{"damage":14.0,"enemies":"Hexaghost","floor":16.0,"turns":9.0},{"damage":3.0,"enemies":"2 Thieves","floor":18.0,"turns":5.0},{"damage":3.0,"enemies":"Spheric Guardian","floor":20.0,"turns":6.0},{"damage":3.0,"enemies":"3 Cultists","floor":21.0,"turns":6.0},{"damage":25.0,"enemies":"Slavers","floor":24.0,"turns":4.0},{"damage":13.0,"enemies":"Centurion and Healer","floor":25.0,"turns":6.0},{"damage":0.0,"enemies":"Snake Plant","floor":28.0,"turns":6.0},{"damage":0.0,"enemies":"Snecko","floor":30.0,"turns":6.0},{"damage":4.0,"enemies":"Gremlin Leader","floor":31.0,"turns":8.0},{"damage":57.0,"enemies":"Champ","floor":33.0,"turns":13.0},{"damage":4.0,"enemies":"3 Darklings","floor":35.0,"turns":6.0},{"damage":4.0,"enemies":"Mind Bloom Boss Battle","floor":36.0,"turns":11.0},{"damage":0.0,"enemies":"Orb Walker","floor":37.0,"turns":4.0},{"damage":0.0,"enemies":"Jaw Worm Horde","floor":38.0,"turns":6.0},{"damage":0.0,"enemies":"3 Darklings","floor":39.0,"turns":9.0},{"damage":12.0,"enemies":"Reptomancer","floor":41.0,"turns":9.0},{"damage":24.0,"enemies":"2 Orb Walkers","floor":42.0,"turns":9.0},{"damage":0.0,"enemies":"Giant Head","floor":44.0,"turns":9.0},{"damage":0.0,"enemies":"Maw","floor":45.0,"turns":6.0},{"damage":0.0,"enemies":"Spire Growth","floor":47.0,"turns":5.0},{"damage":10.0,"enemies":"4 Shapes","floor":48.0,"turns":5.0},{"damage":0.0,"enemies":"Donu and Deca","floor":50.0,"turns":10.0},{"damage":27.0,"enemies":"Awakened One","floor":51.0,"turns":13.0},{"damage":33,"enemies":"Shield and Spear","floor":55,"turns":14},{"damage":7,"enemies":"The Heart","floor":56,"turns":9}],"green_key_taken_log":41,"seed_played":"-8950267876985113079","neow_bonus_log":{"cardsObtained":[],"cardsUpgraded":[],"cardsRemoved":[],"cardsTransformed":[],"relicsObtained":[],"maxHpGained":0,"goldGained":0,"damageTaken":0,"goldLost":99,"maxHpLost":0},"potions_obtained":[{"floor":5.0,"key":"FearPotion"},{"floor":7.0,"key":"CunningPotion"},{"floor":11.0,"key":"BlessingOfTheForge"},{"floor":13.0,"key":"SkillPotion"},{"floor":20.0,"key":"Ancient Potion"},{"floor":25.0,"key":"DistilledChaos"},{"floor":31.0,"key":"Regen Potion"},{"floor":33.0,"key":"SkillPotion"},{"floor":36.0,"key":"Fire Potion"},{"floor":38.0,"key":"GamblersBrew"},{"floor":41.0,"key":"FearPotion"},{"floor":55,"key":"SpeedPotion"}],"is_trial":false,"path_per_floor":["M","M","M","?","M","R","E","R","T","M","M","E","M","M","R","B",null,"M","?","M","M","$","R","E","M","T","R","M","T","M","E","R","B",null,"M","?","M","M","M","R","E","?","T","E","M","$","M","M","R","B","B",null,"R","$","E","B",null],"character_chosen":"THE_SILENT","basemod:card_modifiers":[null,null,null,null,null,null,null,null,null,null,null,null,null,null,null,null,null,null,null,null,null,null,null,null,null,null,null,null,null,null,null,null,null,null,null,null,null,null],"items_purchased":["DollysMirror","Backstab","Apotheosis","Catalyst","Regen Potion","Ancient Potion"],"campfire_rested":1,"item_purchase_floors":[22,22,46,46,46,54],"current_hp_per_floor":[59,59,59,64,64,64,58,58,58,54,53,32,23,21,21,7,55,52,52,49,46,46,46,21,8,8,29,29,29,29,25,25,4,54,50,46,52,58,64,64,60,44,44,57,59,59,63,61,61,67,48,71,71,71,77,77],"gold":77,"neow_bonus":"THREE_RARE_CARDS","is_prod":false,"is_daily":false,"rewards_skipped":[{"floor":21,"relics":[],"potions":["FearPotion"]},{"floor":42,"relics":[],"potions":["Energy Potion"]},{"floor":47,"relics":[],"potions":["Poison Potion"]},{"floor":48,"relics":[],"potions":["BlessingOfTheForge"]}],"chose_seed":false,"campfire_upgraded":7,"win_rate":0,"floor_exit_playtime":[194,246,294,300,340,377,410,423,427,531,610,808,935,1006,1031,1194,1244,1371,1382,1493,1647,1732,1750,1882,2069,2073,2076,2207,2210,2361,2590,2599,2977,3158,3379,3723,3891,4130,4435,4480,4878,5089,5093,5474,5687,5939,6161,6646,6650,7175,7745,7812,7823,7859,9013,9469],"timestamp":1710950004,"blue_key_relic_skipped_log":{"floor":43,"relicID":"CeramicFish"},"path_taken":["M","M","M","?","M","R","E","R","T","M","M","E","M","M","R","BOSS","M","?","M","M","$","R","E","?","T","R","M","?","M","E","R","BOSS","M","?","M","M","M","R","E","?","T","E","M","?","M","M","R","BOSS","BOSS","R","$","E","BOSS"],"build_version":"2022-12-01","purchased_purges":2,"victory":true,"max_hp_per_floor":[66,66,66,71,71,71,71,71,71,71,71,71,71,71,71,71,71,71,71,71,71,71,71,71,71,71,71,71,71,71,71,71,71,71,71,71,71,71,71,71,71,71,71,78,78,78,78,78,78,78,78,78,78,78,78,78],"relic_stats":{"Bottled Flame":"Neutralize","Happy Flower":[73],"counters":[35,240],"Bird Faced Urn":[80],"Turnip":[7],"Art of War":[27],"Nloth\u0027s Gift":4,"Bag of Preparation":[18],"Whetstone":["Backstab","Neutralize"],"Boot":[0],"obtain_stats":[{"Potion Belt":7,"Lantern":29,"Happy Flower":9,"SacredBark":34,"Bag of Preparation":41,"Whetstone":24,"Boot":55,"Bottled Flame":31,"Matryoshka":12,"DollysMirror":22,"Bird Faced Urn":36,"Strawberry":44,"Turnip":42,"Nloth\u0027s Gift":19,"Art of War":26,"Ring of the Snake":0,"Runic Pyramid":17},{"Potion Belt":5,"Lantern":17,"Happy Flower":5,"SacredBark":20,"Bag of Preparation":26,"Whetstone":15,"Boot":34,"Bottled Flame":19,"Matryoshka":8,"DollysMirror":14,"Bird Faced Urn":22,"Strawberry":28,"Turnip":27,"Nloth\u0027s Gift":12,"Art of War":16,"Ring of the Snake":0,"Runic Pyramid":11},{"Potion Belt":20,"Lantern":88,"Happy Flower":20,"SacredBark":115,"Bag of Preparation":160,"Whetstone":76,"Boot":231,"Bottled Flame":102,"Matryoshka":38,"DollysMirror":72,"Bird Faced Urn":132,"Strawberry":178,"Turnip":169,"Nloth\u0027s Gift":60,"Art of War":82,"Ring of the Snake":0,"Runic Pyramid":55}],"Ring of the Snake":[70]},"card_choices":[{"not_picked":["Phantasmal Killer","Malaise"],"picked":"Wraith Form v2","floor":0.0},{"not_picked":["Masterful Stab","Outmaneuver"],"picked":"Flying Knee","floor":1.0},{"not_picked":["Poisoned Stab","Flying Knee"],"picked":"Skewer","floor":2.0},{"not_picked":["Reflex","Slice"],"picked":"Acrobatics","floor":3.0},{"not_picked":["Outmaneuver","Accuracy"],"picked":"Dagger Spray","floor":5.0},{"not_picked":["Sucker Punch","Slice"],"picked":"Calculated Gamble","floor":7.0},{"not_picked":["Dagger Spray","Tools of the Trade"],"picked":"Setup","floor":10.0},{"not_picked":["Quick Slash","Sucker Punch"],"picked":"Backflip","floor":11.0},{"not_picked":["Catalyst","Riddle With Holes"],"picked":"Eviscerate","floor":12.0},{"not_picked":["Blade Dance","Underhanded Strike"],"picked":"Prepared","floor":13.0},{"not_picked":["Choke","Flying Knee"],"picked":"Crippling Poison","floor":14.0},{"not_picked":["Bullet Time","Grand Finale"],"picked":"Venomology","floor":16.0},{"not_picked":["Dodge and Roll","Acrobatics","Bane"],"picked":"SKIP","floor":18.0},{"not_picked":["Slice","Poisoned Stab","Dodge and Roll+1"],"picked":"SKIP","floor":20.0},{"not_picked":["Setup","Bane+1"],"picked":"Prepared+1","floor":21.0},{"not_picked":["Endless Agony","Doppelganger"],"picked":"Venomology","floor":24.0},{"not_picked":["Cloak And Dagger","Noxious Fumes","Dash+1"],"picked":"SKIP","floor":25.0},{"not_picked":["Bane","Prepared"],"picked":"Deadly Poison","floor":28.0},{"not_picked":["Skewer","Underhanded Strike","Expertise"],"picked":"SKIP","floor":30.0},{"not_picked":["Dagger Spray","Flying Knee"],"picked":"Doppelganger","floor":31.0},{"not_picked":["Wraith Form v2","Tools of the Trade"],"picked":"Adrenaline","floor":33.0},{"not_picked":["Infinite Blades","Distraction","Quick Slash"],"picked":"SKIP","floor":35.0},{"not_picked":["Slice+1","Sucker Punch"],"picked":"Footwork+1","floor":36.0},{"not_picked":["Prepared","Dagger Throw"],"picked":"Grand Finale","floor":37.0},{"not_picked":["Well Laid Plans","Eviscerate"],"picked":"Terror","floor":38.0},{"not_picked":["Backflip","Well Laid Plans"],"picked":"Wraith Form v2","floor":39.0},{"not_picked":["Caltrops","Finisher","Dagger Spray"],"picked":"SKIP","floor":41.0},{"not_picked":["Accuracy","Prepared","Acrobatics"],"picked":"SKIP","floor":42.0},{"not_picked":["Slice","Dagger Throw+1","Bullet Time"],"picked":"SKIP","floor":44.0},{"not_picked":["Blade Dance","Setup"],"picked":"Catalyst+1","floor":45.0},{"not_picked":["Endless Agony","Poisoned Stab","Crippling Poison"],"picked":"SKIP","floor":47.0},{"not_picked":["Noxious Fumes","Cloak And Dagger","Choke"],"picked":"SKIP","floor":48.0},{"not_picked":["Sucker Punch","Choke+1"],"picked":"After Image","floor":55}],"player_experience":113282,"relics_obtained":[{"floor":7.0,"key":"Potion Belt"},{"floor":9.0,"key":"Happy Flower"},{"floor":12.0,"key":"Matryoshka"},{"floor":24.0,"key":"Whetstone"},{"floor":26.0,"key":"Art of War"},{"floor":29.0,"key":"Lantern"},{"floor":31.0,"key":"Bottled Flame"},{"floor":36.0,"key":"Bird Faced Urn"},{"floor":41.0,"key":"Bag of Preparation"},{"floor":42.0,"key":"Turnip"},{"floor":44.0,"key":"Strawberry"},{"floor":55,"key":"Boot"}],"event_choices":[{"damage_healed":0.0,"max_hp_gain":5.0,"max_hp_loss":0.0,"gold_gain":0.0,"event_name":"Big Fish","player_choice":"Donut","floor":4.0,"gold_loss":0.0,"damage_taken":0.0},{"damage_healed":0.0,"max_hp_gain":0.0,"max_hp_loss":0.0,"gold_gain":0.0,"event_name":"N\u0027loth","player_choice":"Traded Relic","floor":19.0,"relics_lost":["Matryoshka"],"gold_loss":0.0,"damage_taken":0.0,"relics_obtained":["Nloth\u0027s Gift"]},{"damage_healed":0.0,"max_hp_gain":0.0,"max_hp_loss":0.0,"gold_gain":0.0,"event_name":"MindBloom","player_choice":"Fight","floor":36.0,"gold_loss":0.0,"damage_taken":0.0},{"damage_healed":0.0,"max_hp_gain":0.0,"max_hp_loss":0.0,"gold_gain":0.0,"event_name":"Mysterious Sphere","player_choice":"Fight","floor":42.0,"gold_loss":0.0,"damage_taken":0.0}],"is_beta":false,"boss_relics":[{"not_picked":["Empty Cage","Runic Dome"],"picked":"Runic Pyramid"},{"not_picked":["Coffee Dripper","Ring of the Serpent"],"picked":"SacredBark"}],"items_purged_floors":[22,46],"is_endless":false,"potions_floor_spawned":[5,7,11,13,20,21,25,31,33,36,38,41,42,47,48,55],"ascension_level":20,"potion_discard_per_floor":[[],[],[],[],[],[],[],[],[],[],[],[],[],[],[],[],[],[],[],[],[],[],[],[],["SmokeBomb","Dexterity Potion"],[],[],[],[],[],["Energy Potion"],[],[],[],[],["SkillPotion","DistilledChaos"],["Weak Potion"],["AttackPotion","SmokeBomb"],[],[],["SmokeBomb"],["SpeedPotion"],[],[],["SneckoOil","SneckoOil"],[],[],[],[],[],[],[],[],[],[],[],[]]}