{"neow_bonuses_skipped_log":["UPGRADE_CARD","THREE_ENEMY_KILL","BOSS_RELIC"],"potions_obtained_entropic_brew":[[],[],[],[],[],[],[],[],[],[],[],[],[],["EntropicBrew","DistilledChaos"],[],["SkillPotion","BlessingOfTheForge"],[],[],[],[],[],[],[],[],[],[],[],[],[],[],[]],"neow_costs_skipped_log":["NONE","NONE","NONE"],"gold_per_floor":[113,125,141,153,168,168,188,6,32,32,32,44,76,93,93,164,164,176,186,199,251,166,166,178,178,178,188,68,68,81,81],"floor_reached":31,"playtime":2205,"items_purged":["Defend_G"],"score":536,"play_id":"4375cf6a-1af8-40ee-a7cd-2beee5311771","local_time":"20240315093331","score_breakdown":["Floors Climbed (31): 155","Enemies Slain (14): 28","Exordium Elites Killed (1): 10","City Elites Killed (0): 0","Bosses Slain (1): 50","Champion (1): 25","Ascension (20): 268"],"is_ascension_mode":true,"potions_obtained_alchemize":[[],[],[],[],[],[],[],[],[],[],[],[],[],[],[],[],[],[],[],[],[],[],[],[],[],[],[],[],[],[],[]],"campfire_choices":[{"data":"Predator","floor":6,"key":"SMITH"},{"floor":11,"key":"REST"},{"data":"Noxious Fumes","floor":15,"key":"SMITH"},{"floor":23,"key":"REST"},{"floor":25,"key":"REST"}],"lesson_learned_per_floor":[[],[],[],[],[],[],[],[],[],[],[],[],[],[],[],[],[],[],[],[],[],[],[],[],[],[],[],[],[],[],[]],"neow_cost":"CURSE","improvable_cards":{},"seed_source_timestamp":1939113690250,"shop_contents":[{"floor":8,"relics":["Tingsha","Whetstone","HandDrill"],"cards":["Poisoned Stab","Quick Slash","Outmaneuver","Escape Plan","Caltrops","Discovery","The Bomb"],"potions":["Explosive Potion","ColorlessPotion"]},{"floor":28,"relics":["Meat on the Bone","MealTicket","DollysMirror"],"cards":["Dagger Spray","Slice","Deadly Poison","Noxious Fumes","Panache"],"potions":["DistilledChaos","Ancient Potion","AttackPotion"]}],"circlet_count":0,"master_deck":["AscendersBane","Strike_G","Strike_G","Strike_G","Strike_G","Defend_G","Defend_G","Defend_G","Survivor","Neutralize","Parasite","Outmaneuver","Setup","Terror","Dagger Throw","Tools of the Trade","Noxious Fumes+1","Predator+1","PiercingWail","Prepared","Bane","Corpse Explosion","Calculated Gamble","Expertise","Acrobatics","Acrobatics","Dash+1","PiercingWail","Backstab","Blind","Acrobatics","After Image"],"potion_use_per_floor":[[],[],[],[],[],[],[],[],[],[],[],[],["LiquidMemories"],["EntropicBrew"],[],["DistilledChaos","EntropicBrew","BlessingOfTheForge"],[],[],["BlessingOfTheForge"],[],[],[],[],["PowerPotion"],[],[],[],[],[],[],[]],"relics":["Ring of the Snake","Gambling Chip","Philosopher\u0027s Stone","Dream Catcher","PreservedInsect","Bottled Flame"],"potions_floor_usage":[13,14,16,16,16,19,24],"damage_taken":[{"damage":8,"enemies":"Small Slimes","floor":1,"turns":6},{"damage":2,"enemies":"Jaw Worm","floor":2,"turns":4},{"damage":6,"enemies":"Cultist","floor":3,"turns":4},{"damage":4,"enemies":"Blue Slaver","floor":4,"turns":6},{"damage":6,"enemies":"2 Fungi Beasts","floor":5,"turns":5},{"damage":22,"enemies":"Lots of Slimes","floor":7,"turns":6},{"damage":6,"enemies":"3 Louse","floor":12,"turns":4},{"damage":0,"enemies":"Lagavulin","floor":13,"turns":4},{"damage":10,"enemies":"Red Slaver","floor":14,"turns":5},{"damage":6,"enemies":"Hexaghost","floor":16,"turns":8},{"damage":27,"enemies":"Shell Parasite","floor":18,"turns":5},{"damage":5,"enemies":"2 Thieves","floor":19,"turns":2},{"damage":19,"enemies":"Cultist and Chosen","floor":20,"turns":5},{"damage":4,"enemies":"Shelled Parasite and Fungi","floor":24,"turns":3},{"damage":13,"enemies":"Centurion and Healer","floor":27,"turns":5},{"damage":0,"enemies":"3 Cultists","floor":30,"turns":2},{"damage":4,"enemies":"Snake Plant","floor":31,"turns":1}],"seed_played":"-5386510008770530483","neow_bonus_log":{"cardsObtained":["Parasite","Outmaneuver","Setup"],"cardsUpgraded":[],"cardsRemoved":[],"cardsTransformed":["Defend_G","Strike_G"],"relicsObtained":[],"maxHpGained":0,"goldGained":0,"damageTaken":0,"goldLost":0,"maxHpLost":0},"potions_obtained":[{"floor":3,"key":"Ancient Potion"},{"floor":10,"key":"AttackPotion"},{"floor":12,"key":"LiquidMemories"},{"floor":16,"key":"FearPotion"},{"floor":18,"key":"BlessingOfTheForge"},{"floor":20,"key":"PowerPotion"},{"floor":27,"key":"SteroidPotion"}],"is_trial":false,"path_per_floor":["M","M","M","M","M","R","M","$","T","?","R","M","E","M","R","B",null,"M","M","M","T","?","R","M","R","T","M","$","?","M","M"],"character_chosen":"THE_SILENT","basemod:card_modifiers":[null,null,null,null,null,null,null,null,null,null,null,null,null,null,null,null,null,null,null,null,null,null,null,null,null,null,null,null,null,null,null,null],"items_purchased":["EntropicBrew","Blind","Acrobatics"],"campfire_rested":3,"item_purchase_floors":[8,28,28],"current_hp_per_floor":[51,49,43,39,33,33,11,11,11,11,30,24,24,14,14,8,52,25,20,1,1,1,20,16,35,35,22,22,4,4,0],"gold":81,"neow_bonus":"TRANSFORM_TWO_CARDS","is_prod":false,"is_daily":false,"rewards_skipped":[{"floor":10,"relics":[],"potions":["Energy Potion"]}],"chose_seed":false,"campfire_upgraded":2,"win_rate":0,"floor_exit_playtime":[182,225,293,428,516,535,645,705,733,746,750,820,930,1043,1076,1256,1332,1462,1609,1719,1722,1728,1738,1858,1867,1924,2055,2096,2105,2160],"timestamp":1710509611,"blue_key_relic_skipped_log":{"floor":9,"relicID":"Strawberry"},"path_taken":["M","M","M","M","M","R","M","$","T","?","R","M","E","M","R","BOSS","M","M","M","?","?","R","?","R","T","M","$","?","?","M"],"build_version":"2022-12-01","purchased_purges":1,"victory":false,"max_hp_per_floor":[66,66,66,66,66,66,66,66,66,66,66,66,66,66,66,66,66,66,66,66,66,66,66,66,66,66,66,66,71,71,71],"relic_stats":{"Dream Catcher":2,"Bottled Flame":"Neutralize","counters":[17,75],"Gambling Chip":[33],"PreservedInsect":0,"obtain_stats":[{"Dream Catcher":21,"Bottled Flame":26,"Gambling Chip":13,"Philosopher\u0027s Stone":17,"PreservedInsect":22,"Ring of the Snake":0},{"Dream Catcher":13,"Bottled Flame":14,"Gambling Chip":8,"Philosopher\u0027s Stone":10,"PreservedInsect":13,"Ring of the Snake":0},{"Dream Catcher":64,"Bottled Flame":67,"Gambling Chip":39,"Philosopher\u0027s Stone":52,"PreservedInsect":64,"Ring of the Snake":0}],"Ring of the Snake":[34]},"card_choices":[{"not_picked":["Choke","Concentrate"],"picked":"Terror","floor":1},{"not_picked":["Deflect","Backflip"],"picked":"Dagger Throw","floor":2},{"not_picked":["Slice","Flying Knee"],"picked":"Tools of the Trade","floor":3},{"not_picked":["Acrobatics","Catalyst"],"picked":"Noxious Fumes","floor":4},{"not_picked":["Tactician","Outmaneuver"],"picked":"Predator","floor":5},{"not_picked":["Distraction","Flechettes"],"picked":"PiercingWail","floor":7},{"not_picked":["Dagger Spray","Deflect"],"picked":"Prepared","floor":12},{"not_picked":["Caltrops","Terror","Dagger Spray"],"picked":"SKIP","floor":13},{"not_picked":["Masterful Stab","Flying Knee"],"picked":"Bane","floor":14},{"not_picked":["Glass Knife","Adrenaline"],"picked":"Corpse Explosion","floor":16},{"not_picked":["Noxious Fumes","Dagger Throw"],"picked":"Calculated Gamble","floor":18},{"not_picked":["Dodge and Roll+1","Poisoned Stab"],"picked":"Expertise","floor":19},{"not_picked":["Riddle With Holes","Calculated Gamble"],"picked":"Acrobatics","floor":20},{"not_picked":["Finisher","Outmaneuver+1"],"picked":"Acrobatics","floor":23},{"not_picked":["Escape Plan","Predator"],"picked":"Dash+1","floor":24},{"not_picked":["Caltrops","Dash"],"picked":"PiercingWail","floor":25},{"not_picked":["Acrobatics+1","Finisher"],"picked":"Backstab","floor":27},{"not_picked":["Blade Dance","Dagger Spray"],"picked":"After Image","floor":30}],"player_experience":140566,"relics_obtained":[{"floor":13,"key":"Gambling Chip"},{"floor":21,"key":"Dream Catcher"},{"floor":26,"key":"Bottled Flame"}],"event_choices":[{"damage_healed":0,"gold_gain":0,"player_choice":"Got Potions","damage_taken":0,"max_hp_gain":0,"max_hp_loss":0,"event_name":"Lab","floor":10,"gold_loss":0},{"damage_healed":0,"gold_gain":0,"player_choice":"Obtained Relic","damage_taken":0,"relics_obtained":["PreservedInsect"],"max_hp_gain":0,"max_hp_loss":0,"event_name":"Addict","floor":22,"gold_loss":85},{"damage_healed":0,"gold_gain":0,"player_choice":"Shed Blood","damage_taken":23,"max_hp_gain":5,"max_hp_loss":0,"event_name":"Forgotten Altar","floor":29,"gold_loss":0}],"is_beta":false,"boss_relics":[{"not_picked":["Astrolabe","Calling Bell"],"picked":"Philosopher\u0027s Stone"}],"items_purged_floors":[8],"is_endless":false,"potions_floor_spawned":[3,12,16,18,20,27],"killed_by":"Snake Plant","ascension_level":20,"potion_discard_per_floor":[[],[],[],[],[],[],[],[],[],["Ancient Potion"],[],["AttackPotion"],[],[],[],[],[],["SkillPotion"],[],[],[],[],[],[],[],[],[],[],[],[],[]]}