{"neow_bonuses_skipped_log":["UPGRADE_CARD","TRANSFORM_TWO_CARDS","BOSS_RELIC"],"neow_costs_skipped_log":["NONE","CURSE","NONE"],"potions_obtained_entropic_brew":[[],[],[],[],[],[],[],[],[],[],[],[],[],[],[],[],[],[],[],[],[],[],[],[],[],[],[],[],[],[],[],[],[],[],[],[],[],[],[],[],[],[],[],[],[],[],[],[],[],[],[],[],[],[],[],[]],"gold_per_floor":[114,127,127,137,1,1,31,31,31,31,48,83,83,102,102,179,179,199,218,268,295,295,295,306,306,306,306,340,265,25,39,39,111,111,121,121,121,136,147,147,192,217,242,242,274,12,12,26,26,26,26,26,26,26,53,53],"floor_reached":56,"playtime":4606,"items_purged":["Strike_G"],"score":2012,"play_id":"fbcfed6e-cb08-4374-a115-87444de696c7","local_time":"20240424121244","score_breakdown":["Floors Climbed (56): 280","Enemies Slain (13): 26","Exordium Elites Killed (2): 20","City Elites Killed (1): 20","Beyond Elites Killed (2): 60","Bosses Slain (4): 500","Champion (2): 50","Perfect (1): 50","Ascension (20): 1006"],"is_ascension_mode":true,"potions_obtained_alchemize":[[],[],[],[],[],[],[],[],[],[],["EssenceOfSteel"],["DuplicationPotion"],[],["GamblersBrew"],[],["Poison Potion"],[],[],["Regen Potion","DistilledChaos"],[],[],[],[],["Explosive Potion"],[],[],[],["SkillPotion"],[],[],["BlessingOfTheForge"],[],["Dexterity Potion"],[],["Strength Potion"],[],[],[],["Explosive Potion"],[],["GamblersBrew"],["DuplicationPotion"],[],[],["SmokeBomb"],[],[],["Ancient Potion"],[],["PowerPotion"],["BlessingOfTheForge"],[],[],[],["AttackPotion"],["BlessingOfTheForge"]],"campfire_choices":[{"data":"Bouncing Flask","floor":6.0,"key":"SMITH"},{"data":"A Thousand Cuts","floor":8.0,"key":"SMITH"},{"data":"Blade Dance","floor":10.0,"key":"SMITH"},{"data":"Catalyst","floor":15.0,"key":"SMITH"},{"data":"Blade Dance","floor":23.0,"key":"SMITH"},{"data":"Doppelganger","floor":25.0,"key":"SMITH"},{"data":"Neutralize","floor":27.0,"key":"SMITH"},{"floor":32.0,"key":"REST"},{"floor":40.0,"key":"RECALL"},{"data":"After Image","floor":44.0,"key":"SMITH"},{"data":"Well Laid Plans","floor":47.0,"key":"SMITH"},{"data":"Adrenaline","floor":49.0,"key":"SMITH"},{"data":"Calculated Gamble","floor":53,"key":"SMITH"}],"lesson_learned_per_floor":[[],[],[],[],[],[],[],[],[],[],[],[],[],[],[],[],[],[],[],[],[],[],[],[],[],[],[],[],[],[],[],[],[],[],[],[],[],[],[],[],[],[],[],[],[],[],[],[],[],[],[],[],[],[],[],[]],"neow_cost":"NONE","improvable_cards":{},"seed_source_timestamp":223112641024459,"shop_contents":[{"floor":5,"relics":["Oddly Smooth Stone","Strawberry","TheAbacus"],"cards":["Riddle With Holes","Backstab","Dodge and Roll","Footwork","Trip","Chrysalis"],"potions":["SneckoOil"]},{"floor":30,"relics":["Nunchaku","Shuriken"],"cards":["Dagger Spray","Endless Agony","Cloak And Dagger","Prepared","Infinite Blades","Madness","Thinking Ahead"],"potions":["SkillPotion","Energy Potion","ColorlessPotion"]},{"floor":46,"relics":["InkBottle","PreservedInsect"],"cards":["Dagger Throw","Endless Agony","Calculated Gamble","Cloak And Dagger","Tools of the Trade","Metamorphosis"],"potions":["LiquidMemories","SteroidPotion","Dexterity Potion"]},{"floor":54,"relics":["Pear","Mango","Sling"],"cards":["Sucker Punch","Slice","Backflip","Calculated Gamble","Footwork","Finesse","HandOfGreed"],"potions":["Strength Potion","DistilledChaos","LiquidBronze"]}],"circlet_count":0,"master_deck":["AscendersBane","Survivor","Neutralize+1","Bouncing Flask+1","Terror","A Thousand Cuts+1","Underhanded Strike","Blade Dance+1","Venomology","Backflip+1","Blade Dance+1","Catalyst+1","Doppelganger+1","Leg Sweep","A Thousand Cuts+1","PiercingWail+1","Storm of Steel","Endless Agony","Glass Knife","Bullet Time","Calculated Gamble+1","Escape Plan","Well Laid Plans+1","After Image+1","Choke+1","Adrenaline+1","Dark Shackles","Bouncing Flask"],"special_seed":0,"potion_use_per_floor":[[],[],[],[],[],[],["FearPotion","Weak Potion"],[],[],[],[],["EssenceOfSteel","Dexterity Potion"],[],["Explosive Potion"],[],["SkillPotion"],[],["Poison Potion"],["Strength Potion","DuplicationPotion","DistilledChaos"],[],[],[],[],["GamblersBrew"],[],[],[],["GamblersBrew","SkillPotion"],[],[],["BlessingOfTheForge"],[],[],[],["Explosive Potion"],[],[],[],["Ancient Potion"],[],[],["Strength Potion","GamblersBrew"],[],[],[],[],[],[],[],["Regen Potion"],["PowerPotion","SneckoOil"],[],[],[],["AttackPotion"],["Ancient Potion","Dexterity Potion","BlessingOfTheForge","DuplicationPotion","BlessingOfTheForge"]],"relics":["Ring of the Snake","Potion Belt","Ancient Tea Set","Eternal Feather","HornCleat","Sundial","Snecko Eye","Bronze Scales","Mercury Hourglass","Bottled Lightning","DollysMirror","Pandora\u0027s Box","Incense Burner","War Paint","Cauldron","CaptainsWheel"],"potions_floor_usage":[50,51,51,55,56,56,56,56,56],"damage_taken":[{"damage":2.0,"enemies":"Cultist","floor":1.0,"turns":5.0},{"damage":2.0,"enemies":"2 Louse","floor":2.0,"turns":4.0},{"damage":7.0,"enemies":"Small Slimes","floor":4.0,"turns":3.0},{"damage":23.0,"enemies":"Gremlin Nob","floor":7.0,"turns":4.0},{"damage":7.0,"enemies":"Exordium Wildlife","floor":11.0,"turns":3.0},{"damage":0.0,"enemies":"3 Sentries","floor":12.0,"turns":7.0},{"damage":0.0,"enemies":"Looter","floor":14.0,"turns":3.0},{"damage":14.0,"enemies":"Hexaghost","floor":16.0,"turns":7.0},{"damage":0.0,"enemies":"Chosen","floor":18.0,"turns":2.0},{"damage":3.0,"enemies":"2 Thieves","floor":19.0,"turns":3.0},{"damage":30.0,"enemies":"Cultist and Chosen","floor":24.0,"turns":7.0},{"damage":18.0,"enemies":"Slavers","floor":28.0,"turns":3.0},{"damage":16.0,"enemies":"Snake Plant","floor":31.0,"turns":2.0},{"damage":0.0,"enemies":"Collector","floor":33.0,"turns":5.0},{"damage":2.0,"enemies":"Orb Walker","floor":35.0,"turns":3.0},{"damage":0.0,"enemies":"3 Darklings","floor":38.0,"turns":2.0},{"damage":2.0,"enemies":"4 Shapes","floor":39.0,"turns":3.0},{"damage":0.0,"enemies":"2 Orb Walkers","floor":41.0,"turns":3.0},{"damage":0.0,"enemies":"Giant Head","floor":42.0,"turns":5.0},{"damage":2.0,"enemies":"Nemesis","floor":45.0,"turns":3.0},{"damage":0.0,"enemies":"Transient","floor":48.0,"turns":6.0},{"damage":27,"enemies":"Time Eater","floor":50,"turns":6},{"damage":25,"enemies":"Donu and Deca","floor":51,"turns":7},{"damage":50,"enemies":"Shield and Spear","floor":55,"turns":8},{"damage":14,"enemies":"The Heart","floor":56,"turns":3}],"green_key_taken_log":7,"seed_played":"6261652152025515925","neow_bonus_log":{"cardsObtained":[],"cardsUpgraded":[],"cardsRemoved":[],"cardsTransformed":[],"relicsObtained":["Potion Belt"],"maxHpGained":0,"goldGained":0,"damageTaken":0,"goldLost":0,"maxHpLost":0},"potions_obtained":[{"floor":1.0,"key":"Explosive Potion"},{"floor":2.0,"key":"FearPotion"},{"floor":7.0,"key":"Strength Potion"},{"floor":12.0,"key":"SkillPotion"},{"floor":18.0,"key":"Ancient Potion"},{"floor":24.0,"key":"GamblersBrew"},{"floor":33.0,"key":"Weak Potion"},{"floor":38.0,"key":"Fire Potion"},{"floor":45.0,"key":"SteroidPotion"},{"floor":46.0,"key":"CunningPotion"},{"floor":46.0,"key":"Block Potion"},{"floor":48.0,"key":"SneckoOil"},{"floor":55,"key":"Dexterity Potion"}],"is_trial":false,"path_per_floor":["M","M","?","M","$","R","E","R","T","R","M","E","T","M","R","B",null,"M","M","?","T","?","R","M","R","T","R","E","?","$","M","R","B",null,"M","?","?","M","M","R","?","E","T","R","E","$","R","M","R","B","B",null,"R","$","E","B"],"character_chosen":"THE_SILENT","basemod:card_modifiers":[null,null,null,null,null,null,null,null,null,null,null,null,null,null,null,null,null,null,null,null,null,null,null,null,null,null,null,null],"items_purchased":["Blade Dance","Weak Potion","Dexterity Potion","DollysMirror","Cauldron","Dark Shackles"],"campfire_rested":1,"item_purchase_floors":[5,5,5,30,46,46],"current_hp_per_floor":[57,55,55,48,48,48,25,25,25,34,27,27,27,27,39,25,56,56,53,53,53,53,65,35,47,47,59,41,41,41,25,56,56,64,62,62,62,62,60,63,63,63,63,63,61,61,63,63,63,44,19,52,63,63,13,0],"gold":53,"neow_bonus":"RANDOM_COMMON_RELIC","is_prod":false,"is_daily":false,"rewards_skipped":[{"floor":41,"relics":["Dead Branch"],"potions":[]},{"floor":46,"relics":[],"potions":["SteroidPotion","Fire Potion","ColorlessPotion"]}],"chose_seed":false,"campfire_upgraded":11,"win_rate":0,"floor_exit_playtime":[186,235,242,354,397,421,502,529,532,546,631,750,753,789,798,970,1043,1101,1192,1203,1207,1214,1232,1504,1516,1564,1573,1710,1723,1764,1840,1856,1978,2126,2212,2226,2229,2338,2467,2478,2644,3025,3034,3046,3165,3244,3256,3513,3537,3819,4143,4155,4162,4169,4437],"timestamp":1713975164,"blue_key_relic_skipped_log":{"floor":43,"relicID":"Lantern"},"path_taken":["M","M","?","M","$","R","E","R","T","R","M","E","?","?","R","BOSS","M","M","?","?","?","R","M","R","T","R","E","?","?","M","R","BOSS","M","?","?","M","?","R","?","E","T","R","E","$","R","M","R","BOSS","BOSS","R","$","E","BOSS"],"build_version":"2022-12-01","purchased_purges":1,"victory":false,"max_hp_per_floor":[66,66,66,66,66,66,66,66,66,66,66,66,66,66,66,66,66,66,66,66,66,66,66,66,66,66,66,66,66,66,66,66,66,66,66,63,63,63,63,63,63,63,63,63,63,63,63,63,63,63,63,63,63,63,63,63],"relic_stats":{"counters":[25,107],"Eternal Feather":85,"War Paint":["PiercingWail","Backflip"],"Ancient Tea Set":[20],"Mercury Hourglass":[217],"Cauldron":2,"Sundial":[16],"Bronze Scales":[222],"Snecko Eye":[143,151,151,139,-202],"Pandora\u0027s Box":["Endless Agony","Glass Knife","Bullet Time","Calculated Gamble","Escape Plan","Well Laid Plans","After Image"],"Bottled Lightning":"Doppelganger","obtain_stats":[{"Potion Belt":0,"Eternal Feather":9,"Incense Burner":42,"War Paint":45,"Ancient Tea Set":7,"Mercury Hourglass":26,"Cauldron":46,"CaptainsWheel":55,"HornCleat":12,"Sundial":13,"DollysMirror":30,"Bronze Scales":21,"Snecko Eye":17,"Pandora\u0027s Box":34,"Bottled Lightning":28,"Ring of the Snake":0},{"Potion Belt":0,"Eternal Feather":4,"Incense Burner":19,"War Paint":20,"Ancient Tea Set":4,"Mercury Hourglass":11,"Cauldron":20,"CaptainsWheel":24,"HornCleat":6,"Sundial":6,"DollysMirror":12,"Bronze Scales":10,"Snecko Eye":8,"Pandora\u0027s Box":14,"Bottled Lightning":12,"Ring of the Snake":0},{"Potion Belt":0,"Eternal Feather":16,"Incense Burner":74,"War Paint":77,"Ancient Tea Set":16,"Mercury Hourglass":48,"Cauldron":77,"CaptainsWheel":104,"HornCleat":26,"Sundial":26,"DollysMirror":51,"Bronze Scales":41,"Snecko Eye":36,"Pandora\u0027s Box":58,"Bottled Lightning":51,"Ring of the Snake":0}],"Ring of the Snake":[52]},"card_choices":[{"not_picked":["PiercingWail","Expertise"],"picked":"Bouncing Flask","floor":1.0},{"not_picked":["Backflip","Dodge and Roll"],"picked":"Terror","floor":2.0},{"not_picked":["Dash","Backflip"],"picked":"Underhanded Strike","floor":4.0},{"not_picked":["Escape Plan","Dagger Spray"],"picked":"Venomology","floor":7.0},{"not_picked":["Slice","Dodge and Roll"],"picked":"Backflip","floor":11.0},{"not_picked":["Deflect","Expertise"],"picked":"Blade Dance","floor":12.0},{"not_picked":["Poisoned Stab","Dodge and Roll"],"picked":"Catalyst","floor":14.0},{"not_picked":["Glass Knife","Grand Finale"],"picked":"Doppelganger","floor":16.0},{"not_picked":["Riddle With Holes","Cloak And Dagger"],"picked":"Leg Sweep","floor":18.0},{"not_picked":["Distraction+1","Outmaneuver","Underhanded Strike"],"picked":"SKIP","floor":19.0},{"not_picked":["Flechettes","Concentrate","Setup"],"picked":"SKIP","floor":24.0},{"not_picked":["Dash","Concentrate","Slice+1"],"picked":"SKIP","floor":28.0},{"not_picked":["Slice","Masterful Stab"],"picked":"PiercingWail","floor":31.0},{"not_picked":["Die Die Die","Unload"],"picked":"Storm of Steel","floor":33.0},{"not_picked":["Prepared","Bane","Bouncing Flask"],"picked":"SKIP","floor":35.0},{"not_picked":["Backflip","Dagger Throw","Slice"],"picked":"SKIP","floor":38.0},{"not_picked":["Quick Slash+1","Dagger Spray"],"picked":"Choke+1","floor":39.0},{"not_picked":["Poisoned Stab+1","All Out Attack","Eviscerate"],"picked":"SKIP","floor":41.0},{"not_picked":["Blade Dance","Quick Slash+1","Dash"],"picked":"SKIP","floor":42.0},{"not_picked":["Bane","Calculated Gamble"],"picked":"Adrenaline","floor":45.0},{"not_picked":["Dash","Backflip","Caltrops"],"picked":"SKIP","floor":48.0},{"not_picked":["Bane","Distraction"],"picked":"Bouncing Flask","floor":55}],"player_experience":188324,"relics_obtained":[{"floor":7.0,"key":"Ancient Tea Set"},{"floor":9.0,"key":"Eternal Feather"},{"floor":12.0,"key":"HornCleat"},{"floor":13.0,"key":"Sundial"},{"floor":21.0,"key":"Bronze Scales"},{"floor":26.0,"key":"Mercury Hourglass"},{"floor":28.0,"key":"Bottled Lightning"},{"floor":42.0,"key":"Incense Burner"},{"floor":45.0,"key":"War Paint"},{"floor":55,"key":"CaptainsWheel"}],"event_choices":[{"damage_healed":0.0,"max_hp_gain":0.0,"max_hp_loss":0.0,"gold_gain":0.0,"cards_transformed":["Defend_G"],"event_name":"Transmorgrifier","player_choice":"Transformed","floor":3.0,"gold_loss":0.0,"damage_taken":0.0,"cards_obtained":["A Thousand Cuts"]},{"damage_healed":0.0,"max_hp_gain":0.0,"max_hp_loss":0.0,"gold_gain":50.0,"event_name":"Nest","player_choice":"Stole From Cult","floor":20.0,"gold_loss":0.0,"damage_taken":0.0},{"damage_healed":0.0,"max_hp_gain":0.0,"max_hp_loss":0.0,"gold_gain":0.0,"event_name":"The Mausoleum","player_choice":"Ignored","floor":22.0,"gold_loss":0.0,"damage_taken":0.0},{"cards_removed":["Strike_G"],"damage_healed":0.0,"max_hp_gain":0.0,"max_hp_loss":0.0,"gold_gain":0.0,"event_name":"Beggar","player_choice":"Gave Gold","floor":29.0,"gold_loss":75.0,"damage_taken":0.0},{"damage_healed":0.0,"max_hp_gain":0.0,"max_hp_loss":3.0,"gold_gain":0.0,"event_name":"Winding Halls","player_choice":"Max HP","floor":36.0,"gold_loss":0.0,"damage_taken":0.0},{"damage_healed":0.0,"max_hp_gain":0.0,"max_hp_loss":0.0,"gold_gain":0.0,"event_name":"Tomb of Lord Red Mask","player_choice":"Ignored","floor":37.0,"gold_loss":0.0,"damage_taken":0.0},{"damage_healed":0.0,"max_hp_gain":0.0,"max_hp_loss":0.0,"gold_gain":0.0,"event_name":"Mysterious Sphere","player_choice":"Fight","floor":41.0,"gold_loss":0.0,"damage_taken":0.0}],"is_beta":false,"boss_relics":[{"not_picked":["Sozu","HoveringKite"],"picked":"Snecko Eye"},{"not_picked":["Runic Dome","Busted Crown"],"picked":"Pandora\u0027s Box"}],"items_purged_floors":[30],"is_endless":false,"potions_floor_spawned":[1,2,7,12,18,24,33,38,45,48,55],"killed_by":"The Heart","ascension_level":20,"potion_discard_per_floor":[[],[],[],[],[],[],[],[],[],[],[],[],[],[],[],[],[],[],[],[],[],[],[],[],[],[],[],[],[],[],[],[],["Dexterity Potion"],[],[],[],[],["Weak Potion"],[],[],["Explosive Potion"],[],[],[],["SmokeBomb"],["Fire Potion","SteroidPotion"],[],["Block Potion","CunningPotion"],[],[],[],[],[],[],[],[]]}