{"neow_bonuses_skipped_log":["ONE_RANDOM_RARE_CARD","THREE_ENEMY_KILL","BOSS_RELIC"],"neow_costs_skipped_log":["NONE","NONE","NONE"],"potions_obtained_entropic_brew":[[],[],[],[],[],[],[],[],[],[],[],[],[],[],[],[],[],[],[],[],[],[],[],[],[],[],[],[],[],[],[],[],[],[],[],[],[],[],[],[]],"gold_per_floor":[117,130,2,13,33,61,61,99,123,123,123,142,142,142,142,225,225,201,219,241,250,276,276,302,10,58,58,98,98,117,141,141,223,268,285,297,297,316,334,334],"floor_reached":40,"playtime":3679,"items_purged":["Strike_G","Defend_G"],"score":836,"play_id":"419be8e7-eb9b-41ea-8de3-61927ee1d9c5","local_time":"20240416222407","score_breakdown":["Floors Climbed (40): 200","Enemies Slain (14): 28","Exordium Elites Killed (2): 20","City Elites Killed (1): 20","Beyond Elites Killed (0): 0","Bosses Slain (2): 150","Ascension (20): 418"],"is_ascension_mode":true,"potions_obtained_alchemize":[[],[],[],[],[],[],[],[],[],[],[],[],[],[],[],[],[],[],[],[],[],[],[],[],[],[],[],[],[],[],[],[],[],[],[],[],[],[],[],[]],"campfire_choices":[{"floor":7,"key":"REST"},{"floor":11,"key":"REST"},{"data":"Well Laid Plans","floor":13,"key":"SMITH"},{"data":"Footwork","floor":15,"key":"SMITH"},{"floor":23,"key":"REST"},{"data":"Prepared","floor":27,"key":"SMITH"},{"floor":29,"key":"REST"},{"floor":32,"key":"REST"}],"lesson_learned_per_floor":[[],[],[],[],[],[],[],[],[],[],[],[],[],[],[],[],[],[],[],[],[],[],[],[],[],[],[],[],[],[],[],[],[],[],[],[],[],[],[],[]],"neow_cost":"TEN_PERCENT_HP_LOSS","improvable_cards":{"RitualDagger":[42]},"seed_source_timestamp":121359865665125,"shop_contents":[{"floor":3,"relics":["Akabeko","Bottled Flame","ClockworkSouvenir"],"cards":["Endless Agony","Quick Slash","Deadly Poison","Cloak And Dagger","Accuracy","Blind","Master of Strategy"],"potions":["Explosive Potion","Energy Potion"]},{"floor":25,"relics":["StoneCalendar","Ninja Scroll","Strange Spoon"],"cards":["Underhanded Strike","Slice","Jack Of All Trades","Secret Weapon"],"potions":["Block Potion","SteroidPotion"]}],"circlet_count":0,"master_deck":["AscendersBane","Survivor","Neutralize","Bouncing Flask","Dagger Spray","Footwork+1","Bane","Well Laid Plans+1","Grand Finale","Leg Sweep","Endless Agony","Backflip","RitualDagger","PiercingWail","Backflip","Prepared+1","Well Laid Plans","Blade Dance","After Image","Blade Dance","Doppelganger","Dodge and Roll","Dagger Spray","Slice","Poisoned Stab","Infinite Blades","Catalyst","Discovery","Discovery"],"special_seed":0,"potion_use_per_floor":[[],[],[],[],["Dexterity Potion"],["Dexterity Potion"],[],["SteroidPotion"],[],[],["Fruit Juice"],[],[],[],[],[],[],["Swift Potion"],[],[],[],["Explosive Potion"],[],[],[],[],[],["Strength Potion","DuplicationPotion"],[],[],[],[],[],[],[],[],[],["Energy Potion","PowerPotion"],[],[]],"relics":["Ring of the Snake","Ice Cream","Nunchaku","CeramicFish","Regal Pillow","Runic Dome","Strawberry","Pandora\u0027s Box"],"potions_floor_usage":[5,6,8,11,18,22,28,28,38,38],"damage_taken":[{"damage":0,"enemies":"Small Slimes","floor":1,"turns":4},{"damage":0,"enemies":"Cultist","floor":2,"turns":3},{"damage":7,"enemies":"Jaw Worm","floor":4,"turns":4},{"damage":8,"enemies":"Large Slime","floor":5,"turns":5},{"damage":14,"enemies":"3 Sentries","floor":6,"turns":8},{"damage":16,"enemies":"Lagavulin","floor":8,"turns":5},{"damage":0,"enemies":"2 Fungi Beasts","floor":12,"turns":4},{"damage":21,"enemies":"The Guardian","floor":16,"turns":10},{"damage":23,"enemies":"2 Thieves","floor":18,"turns":4},{"damage":10,"enemies":"Shell Parasite","floor":20,"turns":6},{"damage":11,"enemies":"3 Cultists","floor":22,"turns":5},{"damage":14,"enemies":"Snake Plant","floor":24,"turns":6},{"damage":20,"enemies":"Book of Stabbing","floor":28,"turns":4},{"damage":13,"enemies":"Cultist and Chosen","floor":30,"turns":8},{"damage":21,"enemies":"Shelled Parasite and Fungi","floor":31,"turns":6},{"damage":47,"enemies":"Automaton","floor":33,"turns":14},{"damage":24,"enemies":"3 Darklings","floor":35,"turns":4},{"damage":2,"enemies":"3 Shapes","floor":36,"turns":8},{"damage":20,"enemies":"Spire Growth","floor":38,"turns":7},{"damage":12,"enemies":"Giant Head","floor":40,"turns":4}],"seed_played":"1248748905933659179","neow_bonus_log":{"cardsObtained":[],"cardsUpgraded":[],"cardsRemoved":[],"cardsTransformed":[],"relicsObtained":["Ice Cream"],"maxHpGained":0,"goldGained":0,"damageTaken":0,"goldLost":0,"maxHpLost":6},"potions_obtained":[{"floor":4,"key":"Dexterity Potion"},{"floor":5,"key":"Dexterity Potion"},{"floor":6,"key":"SteroidPotion"},{"floor":8,"key":"Fruit Juice"},{"floor":14,"key":"DuplicationPotion"},{"floor":18,"key":"Explosive Potion"},{"floor":28,"key":"PowerPotion"},{"floor":30,"key":"Energy Potion"}],"is_trial":false,"path_per_floor":["M","M","$","M","M","E","R","E","T","?","R","M","R","?","R","B",null,"M","?","M","?","M","R","M","$","T","R","E","R","M","M","R","B",null,"M","M","?","M","?","E"],"character_chosen":"THE_SILENT","basemod:card_modifiers":[null,null,null,null,null,null,null,null,null,null,null,null,null,null,null,null,null,null,null,null,null,null,null,null,null,null,null,null,null],"items_purchased":["Swift Potion","Prepared","Well Laid Plans","Blade Dance","Strength Potion"],"campfire_rested":5,"item_purchase_floors":[3,25,25,25,25],"current_hp_per_floor":[59,59,59,52,44,30,48,32,32,25,64,64,64,64,64,43,60,37,37,27,21,10,44,30,30,30,30,17,53,40,19,55,8,56,32,30,30,10,5,0],"gold":334,"neow_bonus":"ONE_RARE_RELIC","is_prod":false,"is_daily":false,"rewards_skipped":[{"floor":14,"relics":[],"potions":["CultistPotion"]},{"floor":31,"relics":[],"potions":["ColorlessPotion"]}],"chose_seed":false,"campfire_upgraded":3,"win_rate":0,"floor_exit_playtime":[227,262,330,380,441,643,656,732,746,771,780,853,866,871,878,1030,1131,1233,1249,1353,1377,1564,1569,1718,1801,1815,1877,2025,2030,2222,2387,2392,2963,2984,3108,3316,3332,3524,3549],"timestamp":1713320647,"blue_key_relic_skipped_log":{"floor":26,"relicID":"Snake Skull"},"path_taken":["M","M","$","M","M","E","R","E","T","?","R","?","R","?","R","BOSS","M","?","?","?","M","R","M","$","T","R","E","R","?","M","R","BOSS","M","M","?","?","?","E"],"build_version":"2022-12-01","purchased_purges":2,"victory":false,"max_hp_per_floor":[60,60,60,60,60,60,60,60,60,60,65,65,65,65,65,65,65,65,65,65,65,65,65,65,65,65,65,72,72,72,72,72,72,72,72,72,68,68,68,68],"relic_stats":{"Ice Cream":[69],"Nunchaku":[22],"Regal Pillow":60,"counters":[20,119],"CeramicFish":198,"Pandora\u0027s Box":["Dodge and Roll","Dagger Spray","Slice","Poisoned Stab","Infinite Blades"],"obtain_stats":[{"Ice Cream":0,"Runic Dome":17,"Nunchaku":6,"Regal Pillow":9,"CeramicFish":8,"Strawberry":28,"Pandora\u0027s Box":34,"Ring of the Snake":0},{"Ice Cream":0,"Runic Dome":8,"Nunchaku":5,"Regal Pillow":6,"CeramicFish":6,"Strawberry":13,"Pandora\u0027s Box":16,"Ring of the Snake":0},{"Ice Cream":0,"Runic Dome":43,"Nunchaku":24,"Regal Pillow":29,"CeramicFish":29,"Strawberry":68,"Pandora\u0027s Box":96,"Ring of the Snake":0}],"Ring of the Snake":[42]},"card_choices":[{"not_picked":["Blur","Finisher"],"picked":"Bouncing Flask","floor":1},{"not_picked":["Cloak And Dagger","Quick Slash"],"picked":"Dagger Spray","floor":2},{"not_picked":["Cloak And Dagger","Accuracy","Deadly Poison"],"picked":"SKIP","floor":4},{"not_picked":["Backflip","Blur"],"picked":"Footwork","floor":5},{"not_picked":["Die Die Die","Deflect"],"picked":"Bane","floor":6},{"not_picked":["Backflip","Deadly Poison"],"picked":"Well Laid Plans","floor":8},{"not_picked":["Slice","Quick Slash","Poisoned Stab"],"picked":"SKIP","floor":12},{"not_picked":["Glass Knife","Storm of Steel"],"picked":"Grand Finale","floor":16},{"not_picked":["Slice+1","Poisoned Stab+1","Deadly Poison"],"picked":"SKIP","floor":18},{"not_picked":["Blade Dance","Quick Slash"],"picked":"Backflip","floor":20},{"not_picked":["Cloak And Dagger","Dagger Spray+1"],"picked":"PiercingWail","floor":22},{"not_picked":["Accuracy","Prepared"],"picked":"Backflip","floor":24},{"not_picked":["Noxious Fumes","Accuracy+1"],"picked":"After Image","floor":28},{"not_picked":["Dagger Throw","Slice","Infinite Blades"],"picked":"SKIP","floor":30},{"not_picked":["Deflect","Sucker Punch"],"picked":"Blade Dance","floor":31},{"not_picked":["Night Terror","Venomology"],"picked":"Doppelganger","floor":33},{"not_picked":["Flying Knee","Cloak And Dagger","Setup"],"picked":"SKIP","floor":35},{"not_picked":["Poisoned Stab","Deadly Poison","Masterful Stab"],"picked":"SKIP","floor":36},{"not_picked":["Dagger Spray","Flying Knee"],"picked":"Catalyst","floor":38},{"not_picked":["Sadistic Nature","Dramatic Entrance"],"picked":"Discovery","floor":39},{"not_picked":["Deep Breath","Chrysalis"],"picked":"Discovery","floor":39}],"player_experience":177443,"relics_obtained":[{"floor":6,"key":"Nunchaku"},{"floor":8,"key":"CeramicFish"},{"floor":9,"key":"Regal Pillow"},{"floor":28,"key":"Strawberry"}],"event_choices":[{"cards_removed":["Defend_G"],"damage_healed":0,"gold_gain":0,"player_choice":"Card Removal","damage_taken":7,"max_hp_gain":0,"max_hp_loss":0,"event_name":"Golden Wing","floor":10,"gold_loss":0},{"damage_healed":0,"gold_gain":0,"player_choice":"Got Potions","damage_taken":0,"max_hp_gain":0,"max_hp_loss":0,"event_name":"Lab","floor":14,"gold_loss":0},{"damage_healed":0,"gold_gain":0,"cards_transformed":["Strike_G","Strike_G"],"player_choice":"Became Test Subject","damage_taken":0,"max_hp_gain":0,"max_hp_loss":0,"event_name":"Drug Dealer","floor":19,"gold_loss":0,"cards_obtained":["Leg Sweep","Endless Agony"]},{"damage_healed":0,"gold_gain":0,"player_choice":"Joined the Cult","damage_taken":6,"max_hp_gain":0,"max_hp_loss":0,"event_name":"Nest","floor":21,"gold_loss":0,"cards_obtained":["RitualDagger"]},{"damage_healed":0,"gold_gain":0,"player_choice":"Max HP","damage_taken":0,"max_hp_gain":0,"max_hp_loss":4,"event_name":"Winding Halls","floor":37,"gold_loss":0},{"damage_healed":0,"gold_gain":0,"player_choice":"Memory 2","damage_taken":5,"max_hp_gain":0,"max_hp_loss":0,"event_name":"SensoryStone","floor":39,"gold_loss":0}],"is_beta":false,"boss_relics":[{"not_picked":["WristBlade","HoveringKite"],"picked":"Runic Dome"},{"not_picked":["Busted Crown","Tiny House"],"picked":"Pandora\u0027s Box"}],"items_purged_floors":[3,25],"is_endless":false,"potions_floor_spawned":[4,5,6,8,18,28,30,31],"killed_by":"Giant Head","ascension_level":20,"potion_discard_per_floor":[[],[],[],[],[],[],[],[],[],[],[],[],[],[],[],[],[],[],[],[],[],[],[],[],[],[],[],[],[],[],[],[],[],[],[],[],[],[],[],[]]}