{"neow_bonuses_skipped_log":["THREE_CARDS","TRANSFORM_TWO_CARDS","BOSS_RELIC"],"neow_costs_skipped_log":["NONE","PERCENT_DAMAGE","NONE"],"potions_obtained_entropic_brew":[[],[],[],[],[],[],[],[],[],[],[],[],[],[],[],[],[],[],[],[],[],[],[],[],[],[],[],[],[],[],[],[],[],[],[],[],[],[],[],[],[],[],[],[],[],[],[],[],[],[],[],[],[],[],[],[],[]],"gold_per_floor":[109,109,128,128,128,128,200,235,235,246,262,112,137,150,150,223,223,241,241,260,52,71,71,104,54,54,105,105,117,143,156,156,232,232,244,261,261,69,88,113,113,141,164,182,228,228,245,274,274,274,274,274,274,11,36,36],"floor_reached":57,"playtime":5439,"items_purged":["Strike_G"],"score":2895,"play_id":"09a15880-86b4-40e9-bb37-e9d0caa4bbb7","local_time":"20240601235530","score_breakdown":["Floors Climbed (57): 285","Enemies Slain (15): 30","Exordium Elites Killed (2): 20","City Elites Killed (2): 40","Beyond Elites Killed (2): 60","Bosses Slain (5): 750","Mystery Machine (18): 25","Collector (1): 25","Librarian: 25","Champion (2): 50","Overkill: 25","C-c-c-combo: 25","Ascension (20): 1285","Heartbreaker: 250"],"is_ascension_mode":true,"potions_obtained_alchemize":[[],[],[],[],[],[],[],[],[],[],[],[],[],[],[],[],[],[],[],[],[],[],[],[],[],[],[],[],[],[],[],[],[],[],[],[],[],[],[],[],[],[],[],[],[],[],[],[],[],[],[],[],[],[],[],[],[]],"campfire_choices":[{"data":"Die Die Die","floor":6.0,"key":"SMITH"},{"data":"Calculated Gamble","floor":15.0,"key":"SMITH"},{"data":"Apotheosis","floor":23.0,"key":"SMITH"},{"data":"Footwork","floor":32.0,"key":"SMITH"},{"floor":46.0,"key":"RECALL"},{"data":"1","floor":49,"key":"LIFT"},{"data":"2","floor":53,"key":"LIFT"}],"lesson_learned_per_floor":[[],[],[],[],[],[],[],[],[],[],[],[],[],[],[],[],[],[],[],[],[],[],[],[],[],[],[],[],[],[],[],[],[],[],[],[],[],[],[],[],[],[],[],[],[],[],[],[],[],[],[],[],[],[],[],[],[]],"neow_cost":"NONE","improvable_cards":{},"seed_source_timestamp":182131799705834,"shop_contents":[{"floor":12,"relics":["Gremlin Horn","Dead Branch","Lee\u0027s Waffle"],"cards":["Underhanded Strike","Riddle With Holes","Deadly Poison","Blade Dance","Discovery","Magnetism"],"potions":["CunningPotion","Fire Potion","Dexterity Potion"]},{"floor":21,"relics":["StoneCalendar","Calipers","ClockworkSouvenir"],"cards":["Flying Knee","Backstab","Concentrate","Calculated Gamble","Caltrops","Blind"],"potions":["LiquidBronze","Block Potion","BlessingOfTheForge"]},{"floor":38,"relics":["Mercury Hourglass","Bag of Marbles"],"cards":["Slice","Bane","Dodge and Roll+1","Accuracy","PanicButton+1","Mayhem"],"potions":["BlessingOfTheForge","SkillPotion","LiquidBronze"]},{"floor":54,"relics":["Toy Ornithopter","White Beast Statue","Strange Spoon"],"cards":["Dagger Spray","Slice","Catalyst+1","Corpse Explosion+1","Noxious Fumes","Swift Strike","Violence+1"],"potions":["Explosive Potion","Dexterity Potion","BlessingOfTheForge"]}],"circlet_count":0,"master_deck":["AscendersBane","Survivor","Neutralize","Poisoned Stab","Die Die Die+1","Calculated Gamble+1","Bouncing Flask","Grand Finale","Well Laid Plans+1","Cloak And Dagger","Tactician","Malaise","Eviscerate","Bane","Skewer+1","Slice+1","Calculated Gamble+1","Acrobatics","Acrobatics","Reflex","Corpse Explosion","Apotheosis+1","Deflect+1","Crippling Poison+1","Footwork+1","Catalyst+1","Panacea+1","Deep Breath+1","Acrobatics+1","Hologram+1","Madness+1","Madness+1","Double Energy+1","PiercingWail+1","Footwork","Reprogram+1","Acrobatics+1","Blur+1","PanicButton+1","After Image"],"special_seed":0,"potion_use_per_floor":[[],[],[],[],[],[],[],[],[],[],[],[],["FearPotion"],[],[],[],[],[],[],[],[],[],[],["SkillPotion"],[],[],[],[],[],["DuplicationPotion"],[],[],["Regen Potion"],[],[],[],[],[],[],[],[],["SteroidPotion"],[],[],["SteroidPotion"],[],[],[],[],["Swift Potion","CunningPotion"],["Dexterity Potion"],[],[],[],["Energy Potion","AttackPotion"],["GhostInAJar"],[]],"relics":["Ring of the Snake","NeowsBlessing","Unceasing Top","Lantern","Meat on the Bone","Matryoshka","Pandora\u0027s Box","Toxic Egg 2","Anchor","Sundial","PreservedInsect","Potion Belt","Whetstone","HoveringKite","PrismaticShard","Girya","HornCleat","Bird Faced Urn","The Courier","FossilizedHelix"],"potions_floor_usage":[50,50,51,55,55,56],"damage_taken":[{"damage":0.0,"enemies":"Cultist","floor":1.0,"turns":1.0},{"damage":0.0,"enemies":"Jaw Worm","floor":3.0,"turns":1.0},{"damage":0.0,"enemies":"Gremlin Nob","floor":8.0,"turns":1.0},{"damage":5.0,"enemies":"2 Louse","floor":10.0,"turns":2.0},{"damage":10.0,"enemies":"Exordium Wildlife","floor":11.0,"turns":2.0},{"damage":0.0,"enemies":"Lagavulin","floor":13.0,"turns":3.0},{"damage":8.0,"enemies":"Lots of Slimes","floor":14.0,"turns":2.0},{"damage":27.0,"enemies":"Slime Boss","floor":16.0,"turns":9.0},{"damage":28.0,"enemies":"3 Byrds","floor":18.0,"turns":8.0},{"damage":10.0,"enemies":"Chosen","floor":20.0,"turns":4.0},{"damage":19.0,"enemies":"Snake Plant","floor":22.0,"turns":4.0},{"damage":10.0,"enemies":"Book of Stabbing","floor":24.0,"turns":5.0},{"damage":6.0,"enemies":"Centurion and Healer","floor":29.0,"turns":3.0},{"damage":3.0,"enemies":"Gremlin Leader","floor":30.0,"turns":3.0},{"damage":0.0,"enemies":"3 Cultists","floor":31.0,"turns":2.0},{"damage":13.0,"enemies":"Automaton","floor":33.0,"turns":7.0},{"damage":2.0,"enemies":"Orb Walker","floor":35.0,"turns":3.0},{"damage":1.0,"enemies":"3 Shapes","floor":36.0,"turns":5.0},{"damage":0.0,"enemies":"Sphere and 2 Shapes","floor":39.0,"turns":2.0},{"damage":0.0,"enemies":"Mind Bloom Boss Battle","floor":40.0,"turns":4.0},{"damage":4.0,"enemies":"Nemesis","floor":42.0,"turns":5.0},{"damage":18.0,"enemies":"Writhing Mass","floor":44.0,"turns":3.0},{"damage":0.0,"enemies":"2 Orb Walkers","floor":45.0,"turns":2.0},{"damage":0,"enemies":"Spire Growth","floor":47,"turns":4},{"damage":5,"enemies":"Reptomancer","floor":48,"turns":4},{"damage":38,"enemies":"Time Eater","floor":50,"turns":8},{"damage":14,"enemies":"Donu and Deca","floor":51,"turns":6},{"damage":38,"enemies":"Shield and Spear","floor":55,"turns":6},{"damage":9,"enemies":"The Heart","floor":56,"turns":10}],"green_key_taken_log":8,"seed_played":"5102175023547712268","neow_bonus_log":{"cardsObtained":[],"cardsUpgraded":[],"cardsRemoved":[],"cardsTransformed":[],"relicsObtained":["NeowsBlessing"],"maxHpGained":0,"goldGained":0,"damageTaken":0,"goldLost":0,"maxHpLost":0},"potions_obtained":[{"floor":1.0,"key":"PowerPotion"},{"floor":8.0,"key":"FearPotion"},{"floor":11.0,"key":"DuplicationPotion"},{"floor":20.0,"key":"SkillPotion"},{"floor":31.0,"key":"Regen Potion"},{"floor":33.0,"key":"SteroidPotion"},{"floor":35.0,"key":"Dexterity Potion"},{"floor":36.0,"key":"Swift Potion"},{"floor":40.0,"key":"SteroidPotion"},{"floor":47,"key":"GhostInAJar"},{"floor":48,"key":"CunningPotion"}],"is_trial":false,"path_per_floor":["M","?","M","?","?","R","?","E","T","M","M","$","E","M","R","B",null,"M","?","M","$","M","R","E","?","T","T","?","M","E","M","R","B",null,"M","M","?","$","M","?","?","E","T","M","?","R","M","E","R","B","B",null,"R","$","E","B",null],"character_chosen":"THE_SILENT","basemod:card_modifiers":[null,null,null,null,null,null,null,null,null,null,null,null,null,null,null,null,null,null,null,null,null,null,null,null,null,null,null,null,null,null,null,null,null,null,null,null,null,null,null,null],"items_purchased":["Well Laid Plans","Apotheosis","Acrobatics+1","PrismaticShard","Acrobatics+1","Blur+1","PanicButton+1","Energy Potion","AttackPotion"],"campfire_rested":0,"item_purchase_floors":[12,21,38,38,54,54,54,54,54],"current_hp_per_floor":[59,59,59,64,38,38,38,38,38,45,47,47,47,39,39,24,59,43,43,45,45,38,38,40,40,40,40,40,46,43,43,43,45,65,63,62,52,52,52,52,39,47,47,41,41,41,47,48,48,28,32,61,61,61,41,40],"gold":36,"neow_bonus":"THREE_ENEMY_KILL","is_prod":false,"is_daily":false,"rewards_skipped":[{"floor":10,"relics":[],"potions":["EssenceOfSteel"]},{"floor":22,"relics":[],"potions":["SkillPotion"]}],"chose_seed":false,"campfire_upgraded":4,"win_rate":0,"floor_exit_playtime":[70,75,84,88,111,119,128,140,142,184,254,305,383,424,433,585,670,918,930,1051,1086,1189,1197,1363,1390,1411,1415,1424,1527,1704,1729,1745,2045,2122,2231,2347,2407,2432,2583,2824,2859,3054,3058,3186,3331,3335,3444,3648,3657,3915,4172,4185,4191,4301,4609,5439],"timestamp":1717300530,"blue_key_relic_skipped_log":{"floor":43,"relicID":"Centennial Puzzle"},"path_taken":["M","?","?","?","?","R","?","E","T","M","M","$","E","?","R","BOSS","M","?","M","?","M","R","E","?","T","?","?","M","E","M","R","BOSS","M","M","?","$","?","?","?","E","T","?","?","R","?","E","R","BOSS","BOSS","R","$","E","BOSS"],"build_version":"2022-12-01","purchased_purges":1,"victory":true,"max_hp_per_floor":[66,66,66,71,71,71,71,71,71,71,71,71,71,71,71,71,71,71,71,71,71,71,71,71,71,71,71,71,71,71,71,71,71,71,71,71,71,71,71,71,71,71,71,71,71,71,71,71,71,71,71,71,71,71,71,71],"relic_stats":{"Girya":2,"counters":[29,119],"HoveringKite":[44],"PreservedInsect":237,"The Courier":65,"Whetstone":["Skewer","Slice"],"Matryoshka":2,"Sundial":[38],"Bird Faced Urn":[38],"Pandora\u0027s Box":["Distraction","Distraction","Eviscerate","Bane","Skewer","Slice","Calculated Gamble","Acrobatics"],"obtain_stats":[{"Potion Belt":27,"Girya":40,"Lantern":8,"NeowsBlessing":0,"HoveringKite":34,"PreservedInsect":27,"The Courier":48,"Whetstone":30,"PrismaticShard":38,"Anchor":26,"Matryoshka":13,"HornCleat":42,"Sundial":26,"Bird Faced Urn":45,"Pandora\u0027s Box":17,"Toxic Egg 2":24,"Unceasing Top":5,"FossilizedHelix":55,"Ring of the Snake":0,"Meat on the Bone":9},{"Potion Belt":12,"Girya":20,"Lantern":3,"NeowsBlessing":0,"HoveringKite":16,"PreservedInsect":12,"The Courier":25,"Whetstone":14,"PrismaticShard":18,"Anchor":12,"Matryoshka":6,"HornCleat":21,"Sundial":12,"Bird Faced Urn":23,"Pandora\u0027s Box":8,"Toxic Egg 2":12,"Unceasing Top":2,"FossilizedHelix":28,"Ring of the Snake":0,"Meat on the Bone":3},{"Potion Belt":42,"Girya":71,"Lantern":3,"NeowsBlessing":0,"HoveringKite":57,"PreservedInsect":42,"The Courier":89,"Whetstone":48,"PrismaticShard":65,"Anchor":42,"Matryoshka":10,"HornCleat":76,"Sundial":42,"Bird Faced Urn":81,"Pandora\u0027s Box":21,"Toxic Egg 2":42,"Unceasing Top":2,"FossilizedHelix":109,"Ring of the Snake":0,"Meat on the Bone":3}],"Unceasing Top":[3],"FossilizedHelix":[43],"Ring of the Snake":[58],"Meat on the Bone":156},"card_choices":[{"not_picked":["Outmaneuver","Cloak And Dagger"],"picked":"Poisoned Stab","floor":1.0},{"not_picked":["Blade Dance","Deflect"],"picked":"Calculated Gamble","floor":3.0},{"not_picked":["Deflect","Blur"],"picked":"Bouncing Flask","floor":8.0},{"not_picked":["Riddle With Holes","Choke"],"picked":"Grand Finale","floor":10.0},{"not_picked":["Dagger Spray","Bane","Concentrate"],"picked":"SKIP","floor":11.0},{"not_picked":["Slice","Well Laid Plans"],"picked":"Cloak And Dagger","floor":13.0},{"not_picked":["Deadly Poison","Cloak And Dagger"],"picked":"Tactician","floor":14.0},{"not_picked":["Night Terror","Die Die Die"],"picked":"Malaise","floor":16.0},{"not_picked":["Infinite Blades","Quick Slash"],"picked":"Acrobatics","floor":18.0},{"not_picked":["Riddle With Holes","Bane","Dagger Spray"],"picked":"SKIP","floor":20.0},{"not_picked":["Predator","Calculated Gamble"],"picked":"Deflect+1","floor":22.0},{"not_picked":["Dash","Endless Agony"],"picked":"Crippling Poison+1","floor":24.0},{"not_picked":["Outmaneuver+1","Quick Slash","Dagger Spray"],"picked":"SKIP","floor":29.0},{"not_picked":["Blade Dance+1","Backstab","Dagger Throw"],"picked":"SKIP","floor":30.0},{"not_picked":["Outmaneuver+1","Blade Dance+1"],"picked":"Footwork","floor":31.0},{"not_picked":["Bullet Time+1","Die Die Die","Grand Finale"],"picked":"SKIP","floor":33.0},{"not_picked":["All Out Attack+1","Concentrate+1","Cloak And Dagger+1"],"picked":"SKIP","floor":35.0},{"not_picked":["Slice+1","Blade Dance+1"],"picked":"Catalyst+1","floor":36.0},{"not_picked":["Bandage Up+1","Master of Strategy+1"],"picked":"Panacea+1","floor":37.0},{"not_picked":["Blind+1","Violence+1"],"picked":"Deep Breath+1","floor":37.0},{"not_picked":["Enlightenment+1","Blind+1","The Bomb+1"],"picked":"SKIP","floor":37.0},{"not_picked":["BowlingBash","Shrug It Off+1"],"picked":"Hologram+1","floor":39.0},{"not_picked":["Prostrate+1","Brilliance","Deflect+1"],"picked":"SKIP","floor":40.0},{"not_picked":["Shrug It Off+1","Compile Driver"],"picked":"Double Energy+1","floor":42.0},{"not_picked":["Dagger Throw","Slice"],"picked":"PiercingWail+1","floor":44.0},{"not_picked":["Armaments+1","Sword Boomerang+1"],"picked":"Footwork","floor":45.0},{"not_picked":["Setup+1","Thunderclap","Consecrate+1"],"picked":"SKIP","floor":47},{"not_picked":["Infernal Blade+1","Quick Slash"],"picked":"Reprogram+1","floor":48},{"not_picked":["PanicButton+1","Dagger Spray"],"picked":"After Image","floor":55}],"player_experience":212415,"relics_obtained":[{"floor":8.0,"key":"Lantern"},{"floor":9.0,"key":"Meat on the Bone"},{"floor":13.0,"key":"Matryoshka"},{"floor":24.0,"key":"Toxic Egg 2"},{"floor":26.0,"key":"Anchor"},{"floor":26.0,"key":"Sundial"},{"floor":27.0,"key":"PreservedInsect"},{"floor":27.0,"key":"Potion Belt"},{"floor":30.0,"key":"Whetstone"},{"floor":40.0,"key":"Girya"},{"floor":42.0,"key":"HornCleat"},{"floor":45.0,"key":"Bird Faced Urn"},{"floor":48,"key":"The Courier"},{"floor":55,"key":"FossilizedHelix"}],"event_choices":[{"damage_healed":0.0,"max_hp_gain":0.0,"max_hp_loss":0.0,"gold_gain":0.0,"cards_transformed":["Defend_G"],"event_name":"Transmorgrifier","player_choice":"Transformed","floor":2.0,"gold_loss":0.0,"damage_taken":0.0,"cards_obtained":["Die Die Die"]},{"damage_healed":0.0,"max_hp_gain":5.0,"max_hp_loss":0.0,"gold_gain":0.0,"event_name":"Big Fish","player_choice":"Donut","floor":4.0,"gold_loss":0.0,"damage_taken":0.0},{"damage_healed":0.0,"max_hp_gain":0.0,"max_hp_loss":0.0,"gold_gain":0.0,"event_name":"Scrap Ooze","player_choice":"Success","floor":5.0,"gold_loss":0.0,"damage_taken":26.0,"relics_obtained":["Unceasing Top"]},{"damage_healed":0.0,"max_hp_gain":0.0,"max_hp_loss":0.0,"gold_gain":72.0,"event_name":"Golden Wing","player_choice":"Gained Gold","floor":7.0,"gold_loss":0.0,"damage_taken":0.0},{"damage_healed":0.0,"max_hp_gain":0.0,"max_hp_loss":0.0,"gold_gain":0.0,"cards_transformed":["Distraction","Distraction"],"event_name":"Drug Dealer","player_choice":"Became Test Subject","floor":19.0,"gold_loss":0.0,"damage_taken":0.0,"cards_obtained":["Reflex","Corpse Explosion"]},{"damage_healed":0.0,"max_hp_gain":0.0,"max_hp_loss":0.0,"gold_gain":0.0,"event_name":"Designer","player_choice":"Upgrade","floor":25.0,"gold_loss":50.0,"damage_taken":0.0,"cards_upgraded":["Well Laid Plans"]},{"damage_healed":0.0,"max_hp_gain":0.0,"max_hp_loss":0.0,"gold_gain":0.0,"event_name":"Upgrade Shrine","player_choice":"Upgraded","floor":28.0,"gold_loss":0.0,"damage_taken":0.0,"cards_upgraded":["Calculated Gamble"]},{"damage_healed":0.0,"max_hp_gain":0.0,"max_hp_loss":0.0,"gold_gain":0.0,"event_name":"SensoryStone","player_choice":"Memory 3","floor":37.0,"gold_loss":0.0,"damage_taken":10.0},{"damage_healed":0.0,"max_hp_gain":0.0,"max_hp_loss":0.0,"gold_gain":0.0,"event_name":"MindBloom","player_choice":"Fight","floor":40.0,"gold_loss":0.0,"damage_taken":0.0},{"damage_healed":0.0,"max_hp_gain":0.0,"max_hp_loss":0.0,"gold_gain":0.0,"event_name":"Winding Halls","player_choice":"Embrace Madness","floor":41.0,"gold_loss":0.0,"damage_taken":13.0,"cards_obtained":["Madness","Madness"]},{"damage_healed":0.0,"max_hp_gain":0.0,"max_hp_loss":0.0,"gold_gain":0.0,"event_name":"Mysterious Sphere","player_choice":"Fight","floor":45.0,"gold_loss":0.0,"damage_taken":0.0}],"is_beta":false,"boss_relics":[{"not_picked":["WristBlade","Black Star"],"picked":"Pandora\u0027s Box"},{"not_picked":["Busted Crown","Astrolabe"],"picked":"HoveringKite"}],"items_purged_floors":[12],"is_endless":false,"potions_floor_spawned":[1,8,10,11,20,22,31,33,35,36,40,47,48],"ascension_level":20,"potion_discard_per_floor":[[],[],[],[],[],[],[],[],[],[],["PowerPotion"],[],[],[],[],[],[],[],[],[],[],[],[],[],[],[],[],[],[],[],[],[],[],[],[],[],[],[],[],[],[],[],[],[],[],[],[],[],[],[],[],[],[],[],[],[],[]]}