{"neow_bonuses_skipped_log":["THREE_SMALL_POTIONS","THREE_RARE_CARDS","BOSS_RELIC"],"neow_costs_skipped_log":["NONE","NO_GOLD","NONE"],"potions_obtained_entropic_brew":[[],[],[],[],[],[],[],[],[],[],[],[],[],[],[],[],[],[],[],[],[],[],[],[],[],[],[],[],[],[],[],[],[],[],[],[],[],[],[],[],[],[],[],[],[],[],[],[],[],[],[],[],[],[],[],[]],"gold_per_floor":[117,117,5,19,39,39,72,72,98,126,137,9,9,42,42,121,121,135,135,154,154,154,154,189,109,109,109,141,141,161,179,179,258,258,276,325,335,345,27,58,58,86,86,129,147,147,190,203,203,203,203,203,203,30,66,66],"floor_reached":56,"playtime":10709,"items_purged":["Strike_G","Flying Knee"],"score":2117,"play_id":"60f5d74f-8ef1-4555-a2dc-3d465a5e9bc2","local_time":"20240714174534","score_breakdown":["Floors Climbed (56): 280","Enemies Slain (13): 26","Exordium Elites Killed (3): 30","City Elites Killed (2): 40","Beyond Elites Killed (4): 120","Bosses Slain (4): 500","Librarian: 25","Champion (2): 50","Ascension (20): 1046"],"is_ascension_mode":true,"potions_obtained_alchemize":[[],[],[],[],[],[],[],[],[],[],[],[],[],[],[],[],[],[],[],[],[],[],[],[],[],[],[],[],[],[],[],[],[],[],[],[],[],[],[],[],[],[],[],[],[],[],[],[],[],[],[],[],[],[],[],[]],"campfire_choices":[{"data":"Quick Slash","floor":6,"key":"SMITH"},{"data":"Wraith Form v2","floor":13,"key":"SMITH"},{"data":"Malaise","floor":15,"key":"SMITH"},{"data":"Flechettes","floor":23,"key":"SMITH"},{"data":"Footwork","floor":29,"key":"SMITH"},{"data":"Neutralize","floor":32,"key":"SMITH"},{"floor":41,"key":"REST"},{"floor":49,"key":"RECALL"},{"data":"Footwork","floor":53,"key":"SMITH"}],"lesson_learned_per_floor":[[],[],[],[],[],[],[],[],[],[],[],[],[],[],[],[],[],[],[],[],[],[],[],[],[],[],[],[],[],[],[],[],[],[],[],[],[],[],[],[],[],[],[],[],[],[],[],[],[],[],[],[],[],[],[],[]],"neow_cost":"NONE","improvable_cards":{},"seed_source_timestamp":10946710670916,"shop_contents":[{"floor":3,"relics":["Pear","Strawberry","Frozen Eye"],"cards":["Dash","Finisher","Tactician","PiercingWail","Accuracy","Trip","Apotheosis"],"potions":["Swift Potion"]},{"floor":12,"relics":["Juzu Bracelet","FossilizedHelix","OrangePellets"],"cards":["Quick Slash","Backflip","Concentrate","Caltrops","Dark Shackles","Apotheosis"],"potions":["Explosive Potion","FairyPotion","Energy Potion"]},{"floor":25,"relics":["Bottled Lightning","Whetstone","Lee\u0027s Waffle"],"cards":["Skewer","Dash","Blur","Dodge and Roll","Good Instincts","Violence"],"potions":["SteroidPotion","Energy Potion","CunningPotion"]},{"floor":39,"relics":["Boot","Mummified Hand","Medical Kit"],"cards":["Flying Knee","Endless Agony","Well Laid Plans","Sadistic Nature"],"potions":["Weak Potion","Block Potion","Fire Potion"]},{"floor":54,"relics":["War Paint","Thread and Needle","Cauldron"],"cards":["Bane","Choke","Setup","Concentrate","Noxious Fumes","Violence"],"potions":["SneckoOil","Regen Potion"]}],"circlet_count":0,"master_deck":["AscendersBane","Defend_G","Defend_G","Defend_G","Defend_G","Survivor","Neutralize+1","Malaise+1","Deadly Poison","Bouncing Flask","Wraith Form v2+1","Backflip","Backstab","Bullet Time","Flechettes+1","Well Laid Plans+1","Bite","Bite","Bite","Underhanded Strike","Footwork+1","Outmaneuver+1","A Thousand Cuts","Acrobatics+1","Blind+1","Impatience+1","Terror+1","PiercingWail","PanicButton","Dodge and Roll","Footwork+1","After Image","Predator","Eviscerate","Dodge and Roll","Panacea","PiercingWail"],"potion_use_per_floor":[[],[],[],[],[],[],["BlessingOfTheForge"],[],[],["EssenceOfSteel"],[],[],[],[],[],["GhostInAJar"],[],[],[],[],[],[],[],["Strength Potion"],[],[],[],[],[],[],[],[],["ColorlessPotion"],[],[],["FearPotion"],[],["SkillPotion"],[],[],[],["GamblersBrew"],[],["GamblersBrew"],[],[],[],[],[],[],[],[],[],[],["Regen Potion","DuplicationPotion"],[]],"relics":["Ring of the Snake","Meat on the Bone","Pocketwatch","Omamori","Centennial Puzzle","Lantern","Gambling Chip","Snecko Eye","Tingsha","Dream Catcher","Blood Vial","Oddly Smooth Stone","Anchor","Astrolabe","Akabeko","CeramicFish","Du-Vu Doll","Vajra"],"potions_floor_usage":[7,10,16,24,33,36,38,42,44,55,55],"damage_taken":[{"damage":0,"enemies":"Small Slimes","floor":1,"turns":4},{"damage":1,"enemies":"Cultist","floor":4,"turns":5},{"damage":0,"enemies":"2 Louse","floor":5,"turns":2},{"damage":35,"enemies":"3 Sentries","floor":7,"turns":9},{"damage":5,"enemies":"Gremlin Nob","floor":10,"turns":5},{"damage":2,"enemies":"Blue Slaver","floor":11,"turns":3},{"damage":11,"enemies":"Lagavulin","floor":14,"turns":6},{"damage":9,"enemies":"Hexaghost","floor":16,"turns":10},{"damage":0,"enemies":"Chosen","floor":18,"turns":3},{"damage":1,"enemies":"3 Byrds","floor":20,"turns":4},{"damage":3,"enemies":"Slavers","floor":24,"turns":5},{"damage":0,"enemies":"Gremlin Leader","floor":28,"turns":6},{"damage":1,"enemies":"Centurion and Healer","floor":30,"turns":6},{"damage":0,"enemies":"3 Cultists","floor":31,"turns":5},{"damage":69,"enemies":"Automaton","floor":33,"turns":13},{"damage":2,"enemies":"3 Darklings","floor":35,"turns":7},{"damage":1,"enemies":"2 Orb Walkers","floor":36,"turns":4},{"damage":0,"enemies":"3 Shapes","floor":37,"turns":3},{"damage":25,"enemies":"Maw","floor":38,"turns":8},{"damage":23,"enemies":"Reptomancer","floor":40,"turns":7},{"damage":27,"enemies":"Nemesis","floor":42,"turns":9},{"damage":0,"enemies":"Reptomancer","floor":44,"turns":6},{"damage":0,"enemies":"Writhing Mass","floor":45,"turns":7},{"damage":26,"enemies":"Nemesis","floor":47,"turns":5},{"damage":0,"enemies":"Spire Growth","floor":48,"turns":4},{"damage":19,"enemies":"Time Eater","floor":50,"turns":15},{"damage":14,"enemies":"Donu and Deca","floor":51,"turns":11},{"damage":65,"enemies":"Shield and Spear","floor":55,"turns":10},{"damage":24,"enemies":"The Heart","floor":56,"turns":8}],"green_key_taken_log":42,"seed_played":"-1626890355218770855","neow_bonus_log":{"cardsObtained":["Malaise"],"cardsUpgraded":[],"cardsRemoved":[],"cardsTransformed":[],"relicsObtained":[],"maxHpGained":0,"goldGained":0,"damageTaken":0,"goldLost":0,"maxHpLost":0},"potions_obtained":[{"floor":4,"key":"GhostInAJar"},{"floor":7,"key":"EssenceOfSteel"},{"floor":14,"key":"Strength Potion"},{"floor":16,"key":"AttackPotion"},{"floor":30,"key":"ColorlessPotion"},{"floor":33,"key":"FearPotion"},{"floor":37,"key":"SkillPotion"},{"floor":38,"key":"GamblersBrew"},{"floor":40,"key":"GamblersBrew"},{"floor":42,"key":"Regen Potion"}],"is_trial":false,"path_per_floor":["M","?","$","M","M","R","E","?","T","E","M","$","R","E","R","B",null,"M","?","M","?","?","R","E","$","T","?","E","R","M","M","R","B",null,"M","?","M","M","$","E","R","E","T","E","M","?","E","M","R","B","B",null,"R","$","E","B"],"character_chosen":"THE_SILENT","basemod:card_modifiers":[null,null,null,null,null,null,null,null,null,null,null,null,null,null,null,null,null,null,null,null,null,null,null,null,null,null,null,null,null,null,null,null,null,null,null,null,null],"items_purchased":["BlessingOfTheForge","Poison Potion","Dagger Spray","Footwork","PiercingWail","PanicButton","Dodge and Roll","Panacea","DuplicationPotion"],"campfire_rested":1,"item_purchase_floors":[3,3,12,25,39,39,39,54,54],"current_hp_per_floor":[59,64,64,63,63,63,28,28,28,23,21,21,21,10,10,1,54,54,54,53,53,49,49,47,47,47,47,49,49,49,49,49,7,39,49,48,49,31,31,22,36,35,35,43,47,47,33,37,37,36,40,45,45,45,18,0],"gold":66,"neow_bonus":"ONE_RANDOM_RARE_CARD","is_prod":false,"is_daily":false,"rewards_skipped":[{"floor":31,"relics":[],"potions":["Explosive Potion"]}],"chose_seed":false,"campfire_upgraded":7,"win_rate":0,"floor_exit_playtime":[378,381,864,920,941,966,1159,1169,1173,1289,1358,1378,1400,1513,1562,1802,1844,1977,2004,2195,2204,2224,2248,2567,3756,3767,3892,4150,4160,4406,4614,4629,5144,5272,5661,5836,6013,6362,6484,6811,6832,7153,7157,7628,7939,7953,8167,8317,8321,8852,9252,9263,9647,9726,10283],"timestamp":1720993534,"blue_key_relic_skipped_log":{"floor":43,"relicID":"Darkstone Periapt"},"path_taken":["M","?","$","M","M","R","E","?","T","E","M","$","R","E","R","BOSS","M","?","M","?","?","R","E","$","T","?","E","R","M","M","R","BOSS","M","?","M","M","$","E","R","E","T","E","M","?","E","M","R","BOSS","BOSS","R","$","E","BOSS"],"build_version":"2022-12-01","purchased_purges":2,"victory":false,"max_hp_per_floor":[66,71,71,71,71,71,71,71,71,71,71,71,71,71,71,71,71,71,71,71,71,49,49,49,49,49,49,49,49,49,49,49,49,49,49,49,49,49,49,49,49,49,49,49,49,47,47,47,47,47,47,47,47,47,47,47],"relic_stats":{"counters":[29,190],"Astrolabe":["Acrobatics","Blind","Impatience"],"CeramicFish":36,"Tingsha":[449],"Omamori":2,"Blood Vial":23,"Centennial Puzzle":[53],"Dream Catcher":1,"Gambling Chip":[130],"Snecko Eye":[330,318,316,327,-526],"obtain_stats":[{"Lantern":10,"Astrolabe":34,"CeramicFish":44,"Oddly Smooth Stone":26,"Vajra":55,"Tingsha":19,"Omamori":7,"Akabeko":42,"Blood Vial":24,"Du-Vu Doll":47,"Centennial Puzzle":9,"Dream Catcher":21,"Anchor":28,"Gambling Chip":14,"Snecko Eye":17,"Ring of the Snake":0,"Pocketwatch":36,"Meat on the Bone":40},{"Lantern":5,"Astrolabe":15,"CeramicFish":22,"Oddly Smooth Stone":11,"Vajra":28,"Tingsha":9,"Omamori":4,"Akabeko":21,"Blood Vial":11,"Du-Vu Doll":24,"Centennial Puzzle":4,"Dream Catcher":10,"Anchor":12,"Gambling Chip":7,"Snecko Eye":8,"Ring of the Snake":0,"Pocketwatch":17,"Meat on the Bone":20},{"Lantern":25,"Astrolabe":86,"CeramicFish":130,"Oddly Smooth Stone":56,"Vajra":182,"Tingsha":47,"Omamori":20,"Akabeko":124,"Blood Vial":56,"Du-Vu Doll":142,"Centennial Puzzle":20,"Dream Catcher":51,"Anchor":62,"Gambling Chip":34,"Snecko Eye":44,"Ring of the Snake":0,"Pocketwatch":97,"Meat on the Bone":115}],"Ring of the Snake":[58],"Meat on the Bone":36,"Pocketwatch":[30]},"card_choices":[{"not_picked":["Riddle With Holes","Dagger Spray"],"picked":"Flying Knee","floor":1},{"not_picked":["Caltrops","Cloak And Dagger"],"picked":"Quick Slash","floor":4},{"not_picked":["Backflip","Sucker Punch"],"picked":"Deadly Poison","floor":5},{"not_picked":["Deadly Poison","Expertise"],"picked":"Bouncing Flask","floor":7},{"not_picked":["Flying Knee","Prepared","Malaise"],"picked":"SKIP","floor":10},{"not_picked":["Quick Slash","Poisoned Stab"],"picked":"Backflip","floor":11},{"not_picked":["Underhanded Strike","Dagger Spray"],"picked":"Backstab","floor":14},{"not_picked":["Die Die Die","Malaise"],"picked":"Bullet Time","floor":16},{"not_picked":["Noxious Fumes","Underhanded Strike"],"picked":"Flechettes","floor":18},{"not_picked":["Deadly Poison","Poisoned Stab"],"picked":"Well Laid Plans+1","floor":20},{"not_picked":["Distraction","Backstab"],"picked":"Underhanded Strike","floor":24},{"not_picked":["Backstab+1","Outmaneuver","Dagger Throw"],"picked":"SKIP","floor":28},{"not_picked":["Sucker Punch","Escape Plan","Dagger Spray"],"picked":"SKIP","floor":30},{"not_picked":["Escape Plan","Outmaneuver+1","Finisher"],"picked":"SKIP","floor":31},{"not_picked":["Escape Plan","Finisher"],"picked":"Outmaneuver+1","floor":31},{"not_picked":["Adrenaline","Glass Knife"],"picked":"A Thousand Cuts","floor":33},{"not_picked":["Dagger Spray","Prepared+1"],"picked":"Terror+1","floor":35},{"not_picked":["Slice+1","Accuracy+1","Blade Dance+1"],"picked":"SKIP","floor":36},{"not_picked":["Deadly Poison","Quick Slash","Escape Plan+1"],"picked":"SKIP","floor":37},{"not_picked":["Deadly Poison","Quick Slash","Escape Plan+1"],"picked":"SKIP","floor":37},{"not_picked":["Prepared+1","Acrobatics+1","Cloak And Dagger+1"],"picked":"SKIP","floor":38},{"not_picked":["PiercingWail","Concentrate"],"picked":"Footwork","floor":40},{"not_picked":["Dash+1","Backflip"],"picked":"After Image","floor":41},{"not_picked":["Heel Hook","Acrobatics+1"],"picked":"Predator","floor":42},{"not_picked":["Glass Knife","Backstab"],"picked":"Eviscerate","floor":44},{"not_picked":["Prepared","Backflip","Poisoned Stab+1"],"picked":"SKIP","floor":45},{"not_picked":["Bane+1","Dagger Spray+1"],"picked":"Dodge and Roll","floor":47},{"not_picked":["Setup","Deadly Poison+1","Bane+1"],"picked":"SKIP","floor":48},{"not_picked":["Poisoned Stab+1","Sucker Punch"],"picked":"PiercingWail","floor":55}],"player_experience":227427,"relics_obtained":[{"floor":7,"key":"Omamori"},{"floor":9,"key":"Centennial Puzzle"},{"floor":10,"key":"Lantern"},{"floor":14,"key":"Gambling Chip"},{"floor":24,"key":"Blood Vial"},{"floor":26,"key":"Oddly Smooth Stone"},{"floor":28,"key":"Anchor"},{"floor":36,"key":"Pocketwatch"},{"floor":40,"key":"Meat on the Bone"},{"floor":42,"key":"Akabeko"},{"floor":44,"key":"CeramicFish"},{"floor":47,"key":"Du-Vu Doll"},{"floor":55,"key":"Vajra"}],"event_choices":[{"damage_healed":0,"gold_gain":0,"player_choice":"Donut","damage_taken":0,"max_hp_gain":5,"max_hp_loss":0,"event_name":"Big Fish","floor":2,"gold_loss":0},{"damage_healed":0,"gold_gain":0,"cards_transformed":["Defend_G"],"player_choice":"Transformed","damage_taken":0,"max_hp_gain":0,"max_hp_loss":0,"event_name":"Transmorgrifier","floor":8,"gold_loss":0,"cards_obtained":["Wraith Form v2"]},{"cards_removed":["Quick Slash"],"damage_healed":0,"gold_gain":0,"player_choice":"Gave Card","damage_taken":0,"relics_obtained":["Tingsha"],"max_hp_gain":0,"max_hp_loss":0,"event_name":"WeMeetAgain","floor":19,"gold_loss":0},{"damage_healed":0,"gold_gain":0,"player_choice":"Stole Relic","damage_taken":0,"relics_obtained":["Dream Catcher"],"max_hp_gain":0,"max_hp_loss":0,"event_name":"Addict","floor":21,"gold_loss":0,"cards_obtained":["Shame"]},{"damage_healed":0,"gold_gain":0,"player_choice":"Became a vampire","damage_taken":0,"max_hp_gain":0,"max_hp_loss":22,"event_name":"Vampires","floor":22,"gold_loss":0,"cards_obtained":["Bite","Bite","Bite","Bite","Bite"]},{"damage_healed":0,"gold_gain":0,"player_choice":"Ignored","damage_taken":0,"max_hp_gain":0,"max_hp_loss":0,"event_name":"Ghosts","floor":27,"gold_loss":0},{"damage_healed":0,"gold_gain":0,"player_choice":"Fight","damage_taken":0,"max_hp_gain":0,"max_hp_loss":0,"event_name":"Mysterious Sphere","floor":36,"gold_loss":0},{"damage_healed":0,"gold_gain":0,"player_choice":"Max HP","damage_taken":0,"max_hp_gain":0,"max_hp_loss":2,"event_name":"Winding Halls","floor":46,"gold_loss":0}],"is_beta":false,"boss_relics":[{"not_picked":["Philosopher\u0027s Stone","Coffee Dripper"],"picked":"Snecko Eye"},{"not_picked":["Sozu","SlaversCollar"],"picked":"Astrolabe"}],"items_purged_floors":[12,39],"is_endless":false,"potions_floor_spawned":[4,7,14,16,30,31,33,37,38,40,42],"killed_by":"The Heart","ascension_level":20,"potion_discard_per_floor":[[],[],[],["Poison Potion"],[],[],[],[],[],[],[],[],[],[],[],[],[],[],[],[],[],[],[],[],[],[],[],[],[],[],[],[],[],[],[],[],[],[],[],["AttackPotion"],[],[],[],[],[],[],[],[],[],[],[],[],[],[],[],[]]}